2840 4878
449 407 823 490 annuerunt.
1038 413 1147 507 ,nu

116 629 234 704 ceteS,
253 615 419 716 exceptis
437 613 623 716 spondiis
641 609 915 714 sporangiisve,
932 616 1151 690 constante

114 727 257 806 floccis
295 755 366 805 seu
404 729 554 805 tubulis
593 728 855 831 simplicibus,
867 739 950 802 aut
969 729 1150 859 ramosis,

116 845 326 920 continuis
352 858 419 920 aut
445 842 610 945 septatis.
666 869 671 878 ·

116 1077 194 1174 68.
258 1081 307 1170 F
305 1086 451 1169 unctio
476 1093 706 1167 contextus
728 1073 920 1167 cellulosi
936 1091 1013 1192 vest
1035 1107 1152 1169 eon-

145 1263 154 1292 ·
184 1207 396 1324 servare,
426 1245 732 1337 promovere
767 1231 817 1308 et
846 1246 1153 1340 praeparare

183 1387 378 1460 succos,
410 1389 636 1454 ,vasorum
673 1361 957 1474 fibrosomm
1003 1356 1154 1452 addu-

184 1524 303 1588 cere
329 1521 517 1588 suecos
550 1497 802 1598 nutritios,
834 1527 1040 1588 vasorum
1070 1505 1154 1618 spi·-

125 1643 343 1727 '‘ralzum
382 1635 668 1780 respiratio
709 1670 914 1736 uasorum
946 1647 1154 1764 proprio·
1208 1755 1211 1764 .

182 1775 283 1866 rum
314 1770 529 1889 secretio
565 1773 703 1866 su'eei
721 1751 1092 1868 ’stimulantis'

218 1981 389 2056 Functio
408 1993 611 2055 contextus
630 1967 816 2069 celluiosi,
841 1981 1167 2082 pareuehymatis¹

118 2103 157 2171 et
183 2093 525 2198 prosenehymatis
549 2118 634 2168 non
666 2093 788 2170 dubia
814 2109 879 2170 est
912 2085 1158 2172 Conservam

118 2226 302 2297 succum,
320 2233 412 2284 nam
433 2231 481 2282 eo
499 2219 674 2302 turgent;
694 2225 943 2309 promovent,
962 2235 1056 2286 nam
1072 2219 1157 2286 me'·

120 2323 212 2400 diae
230 2322 391 2399 cellulae
412 2322 454 2397 in
477 2319 621 2396 cortice
645 2324 843 2411 crassiore,
856 2323 926 2398 ubi
941 2324 1049 2399 nulia
1066 2348 1155 2400 vasa

120 2439 362 2515 ricina'sunt
382 2458 501 2513 succo
526 2449 703 2533 turgent;
723 2447 964 2539 praeparant,
985 2443 1079 2512 n'am
1101 2439 1156 2513 vi·

122 2552 281 2629 demur
294 2549 452 2628 ceilulas
477 2551 668 2629 solitarias
687 2567 753 2628 aut
771 2575 915 2653 paucas
932 2565 1155 2652 aggregatas

121 2682 244 2744 succo
257 2664 436 2767 repletas
459 2667 654 2754 colorato,
683 2689 777 2741 cum
805 2664 980 2766 reliquae
1005 2667 1156 2743 circum

124 2784 226 2860 circa
255 2779 460 2855 decolores
478 2781 562 2854 sint
594 2785 645 2856 Et
670 2780 787 2877 amyli
805 2779 975 2877 granula,
994 2795 1032 2856 et
1049 2781 1157 2857 chlo

122 2893 412 2997 rophyllum
386 2917 444 2966 m
484 2891 632 2969 cellulis
669 2892 854 2995 deposita
894 2896 1157 3050 praeparatio-

123 3031 222 3086 nem
244 3007 471 3138 probant.

157 3126 292 3202 De
304 3119 408 3197 rasis
432 3119 591 3197 fibrosis
605 3135 699 3224 post
712 3119 987 3223 Malpighium,
1006 3123 1076 3224 qui
1089 3147 1156 3199 re

121 3247 213 3312 iam
231 3231 507 3312 'functionem
551 3259 637 3311 non
679 3237 874 3336 ignoravit
905 3237 974 3336 ·u(
1012 3239 1042 3336 ἓ.
1073 3238 1156 3336 10.)

123 3349 382 3428 dubitarunt·
408 3350 484 3426 riri
539 3347 656 3427 docti.
716 3349 845 3428 ·Muiti
893 3351 1158 3450 neglexerunt,

123 3481 196 3541 aut
232 3466 301 3566 qui
323 3461 453 3540 ·fibras
484 3465 724 3566 putaverint,
758 3464 819 3540 uti
849 3465 1046 3553 Medicus,
1090 3480 1158 3543 aut

122 3581 196 3685 qui
223 3595 387 3656 succum
413 3579 624 3655 nutritium
648 3581 692 3654 in
715 3580 817 3655 vasis
841 3579 1053 3681 spiralibus·
1066 3581 1156 3656 vehi

122 3685 269 3796 putant
294 3695 352 3793 (v.
376 3687 516 3792 infra),
542 3707 610 3768 aut
634 3694 702 3794 qui
715 3717 886 3770 succum
901 3695 943 3770 in
961 3695 1156 3770 meatibus

124 3803 481 3902 interee'llulatibus
498 3807 696 3883 ·distribui
724 3822 944 3909 autumant,
973 3809 1035 3884 uti
1062 3813 1156 3884 Tre·

127 3925 287 4000 rirauus
312 3912 351 3999 et
367 3922 510 4013 '·Kieser
532 3921 584 4020 (a.
611 3921 641 4019 5.
667 3921 735 4017 4.).
787 3923 1044 4012 Sententiam,
1070 3947 1157 3999 suc·

129 4041 223 4113 cuin
256 4027 467 4113 nutritium
495 4035 641 4111 vehere
671 4035 932 4112 vasa·fibrosa
951 4036 1157 4136 poerat

130 4149 313 4252 pighium
336 4151 499 4227 restitui
522 4147 792 4248 (Naclurage
814 4149 907 4228 Hest
936 4143 970 4226 2.
1002 4177 1039 4254 p:
1065 4152 1157 4248 14.)
