2852 4872
606 351 763 426 reos.
1121 347 1196 446 aaa

145 557 148 562 '
270 544 495 621 Nectarium
526 545 746 622 secundum
777 545 995 622 Linnaeum
1021 557 1059 620 et
1081 567 1221 646 prae-p

175 657 308 764 sertim
342 657 604 734 Schreberum
638 658 948 760 (phycostemon
989 656 1189 758 Turpini),

173 768 344 846 lodicula
383 771 604 849 secundum
640 772 842 861 Beauvois,
881 769 936 848 ad.
970 768 1188 871 parapetala

171 881 426 963 referendum
451 899 516 960 est

267 997 503 1084 Richardius
533 998 710 1096 glumam
735 997 945 1095 calycinam
971 995 1187 1097 lepicenam

172 1124 300 1198 vocat,
332 1111 565 1188 corollinam
596 1111 790 1208 glumam,
824 1109 1074 1212 perigynium
1103 1109 1188 1208 glu-

170 1223 329 1300 mellam
351 1237 389 1299 et
413 1222 495 1321 ejus
510 1223 642 1326 phylla
666 1224 796 1326 paleas
821 1221 1054 1300 nominibus
1078 1219 1186 1300 haud

170 1336 397 1438 probandis.

220 1449 478 1527 Calathrilium
501 1449 643 1527 Mirbel
676 1464 714 1528 et
737 1449 886 1528 Cassini
910 1447 1054 1525 florem
1078 1473 1186 1524 com·
1269 1492 1272 1500 ι

166 1562 343 1664 positum
376 1588 447 1638 seu
479 1562 716 1640 anthedium
752 1563 1073 1663 Compositarum
1099 1559 1186 1661 apte

166 1689 367 1750 vocarunt.
429 1675 508 1752 Sed
533 1675 609 1752 llos
634 1677 878 1778 compositus
903 1673 1184 1752 tantummodo

168 1786 245 1862 dici
270 1802 453 1876 meretur,
479 1790 548 1890 qui
566 1803 653 1866 ante
670 1790 957 1866 florescentiam
975 1803 1042 1866 aut
1062 1801 1186 1864 noctu

168 1901 295 1998 calyce
336 1904 540 1979 communi
585 1901 788 1978 clauditur.
852 1904 953 1978 Hinc
989 1899 1183 1978 calathidii

166 2014 406 2090 vocabulum
442 2016 486 2090 in
522 2014 584 2091 his
620 2013 775 2092 tantum
813 2013 1085 2091 adhibendum
1118 2025 1184 2089 est.

166 2126 355 2227 Reliquae
389 2127 439 2203 ad
465 2129 714 2229 (lompositas
737 2128 880 2204 relatae
904 2128 1059 2229 plantae
1083 2148 1184 2202 non·-

166 2241 240 2316 nisi
279 2241 494 2342 capitulum
530 2242 693 2330 habent,
729 2256 768 2318 et
804 2240 968 2342 quidem
1005 2237 1183 2330 anthedii

165 2353 298 2455 spurii.

260 2466 410 2564 Calycis
447 2468 673 2544 communis
713 2491 901 2570 squamae
938 2481 1005 2544 aut
1040 2463 1183 2542 melius

162 2578 294 2680 phylla
318 2579 570 2656 involucrum
596 2581 840 2658 constituunt
856 2605 878 2656 e
892 2579 1057 2657 bracteis
1074 2601 1181 2655 com·
1307 2625 1309 2632 ·

129 2722 131 2731 ’
163 2693 349 2792 positum.
400 2695 501 2769 Cum
527 2719 621 2770 vero
647 2694 785 2791 calycis
801 2691 1026 2770 fianctiones
1041 2690 1180 2770 babeat

163 2807 205 2882 iu
230 2804 330 2880 flore
356 2804 596 2894 claudendo,
629 2807 727 2908 quin
752 2821 875 2884 noctu
897 2829 1014 2906 saepe
1036 2803 1181 2882 florem

163 2917 354 3005 includat,
387 2941 538 2993 nomen
570 2918 707 3018 calycis
738 2919 905 2995 retinere
936 2931 1080 3020 potest,
1105 2915 1179 2996 nisi

162 3030 258 3108 velis
285 3030 599 3132 ¹peranthodium
630 3057 786 3119 vocare,
819 3045 911 3132 apto
942 3055 1036 3108 sane
1066 3043 1190 3118 voca·'

161 3144 270 3220 bulo.
318 3144 485 3245 Reliqua
509 3145 674 3221 nomina
699 3142 909 3246 superflua.

257 3257 395 3334 Paleae
420 3271 512 3333 suut
535 3258 711 3334 bracteae
735 3258 855 3334 llores
886 3255 1178 3355 distinguentes.

160 3374 321 3448 Nomen
336 3370 600 3457 retinendum,
619 3372 712 3472 quia
736 3372 914 3448 bracteae
937 3369 1178 3448 vocabulum

161 3483 281 3560 nimis
313 3483 501 3582 generale
556 3483 630 3560 Pili
661 3483 896 3586 receptaculi
921 3507 943 3560 e.
966 3482 1088 3584 paleis
1109 3504 1178 3564 ‚an-

160 3596 394 3696 gustissimis
427 3597 565 3684 exorti,
599 3611 710 3673 caute
741 3596 1008 3696 distinguendi
1035 3620 1056 3671 a
1080 3595 1180 3676 veris

159 3709 253 3810 pili-s.
281 3710 326 3786 in
355 3709 600 3810 receptaculo
636 3735 800 3812 quoque
833 3711 958 3788 obviis
989 3722 1185 3788 monente*

162 3822 350 3900 Cassiuio.
406 3825 456 3900 Aa
487 3823 639 3922 absque
662 3824 880 3902 anatomica
905 3821 1179 3924 disquisitione

162 3934 213 4010 de
249 3935 311 4010 bis
347 3959 431 4010 non
467 3936 812 4036 pronuntiandum
837 3950 925 4022 ,est3
959 3934 1029 4038 pili
1072 3935 1178 4022 enim

160 4046 327 4124 unicum
365 4048 543 4124 canalem·
576 4049 718 4126 sistunt
748 4047 949 4126 interdum
974 4063 1178 4152 septetum,

161 4162 296 4266 paleae
325 4160 545 4266 piliformes
576 4162 636 4241 uti
666 4187 822 4272 pappus⁴
849 4185 871 4240 e
900 4161 1080 4266 pluribus
1105 4161 1179 4242 cel·
