2848 4888
529 354 772 432 Petunt
1103 357 1158 434 to

137 559 228 628 onte
258 549 556 652 separationem.
611 549 715 628 Hinc
741 549 874 653 proles
904 550 1057 654 parenti
1090 567 1158 632 aut

134 685 208 764 per
243 661 427 765 aliquod
442 679 600 772 tempus
630 663 823 754 inhaeret,
859 679 947 746 aut
949 665 1075 746 dum
1069 692 1157 770 pa

5 837 7 840 .
135 799 226 852 rens
250 778 435 880 basisque
457 779 636 882 persistit
683 782 771 856 Ho'c
794 778 921 888 modo
946 777 993 860 fit
1012 801 1157 884 corpus

137 893 375 991 organicum·
387 893 674 994 compositum.
770 931 772 940 ·

138 1069 142 1076 .
232 1006 410 1083 Plantae
420 1027 507 1083 non
538 1005 680 1082 solum.
689 1005 1158 1116 seminibuspropagan·

134 1133 219 1208 tur,
134 1119 320 1197 tursed
349 1142 531 1217 gemmae
553 1125 718 1221 quoq'ue
740 1119 797 1194 in,
815 1119 910 1221 ipsis
942 1135 1157 1221 emergunt,

135 1256 427 1311 novosramos
459 1231 665 1335 explicant,
706 1233 880 1312 novellas
912 1236 1023 1338 quasi
1047 1235 1158 1336 plan·

133 1361 191 1424 tas
214 1347 325 1446 stirpi
351 1348 500 1447 parenti
524 1347 685 1423 innatas.
734 1347 836 1424 Hinc
853 1349 1157 1452 antiquaarbor,

131 1460 223 1561 rupi
248 1459 387 1535 similis
412 1475 470 1537 est
494 1484 516 1537 e
540 1459 710 1538 corallii's
736 1463 988 1564 compositae.

228 1575 369 1654 Variae
398 1588 492 1652 suut
522 1584 659 1662 notae,
700 1575 750 1652 ab
780 1576 1009 1654 auctoribus
1038 1576 1158 1654 tradi·

132 1701 212 1776 tae,
251 1687 408 1788 quibus.
435 1687 568 1788 planta
600 1689 655 1766 ab
696 1689 854 1766 animali
895 1688 1156 1788 distinguimur.

132 1805 219 1880 Hoc
256 1800 349 1877 loco
391 1800 603 1878 discrimen
639 1803 743 1880 inter
780 1803 962 1880 animalia
993 1827 1159 1908 compo·

135 1916 203 1992 sita
238 1928 279 1992 et
305 1914 458 2016 plantas
480 1915 764 1994 tantummodo
790 1917 1065 2018 quaerendum
1090 1931 1155 1996 est

132 2027 195 2106 Ad
226 2043 361 2105 ortum
394 2029 572 2132 corporis
599 2029 772 2126 organici
801 2030 1011 2131 compositi
1035 2033 1156 2134 respi-

132 2142 323 2220 ciendum
359 2156 434 2229 est;
478 2143 511 2218 si
544 2142 740 2220 alimentis
771 2143 945 2220 nutritur
983 2169 1029 2220 ex
1065 2146 1155 2224 solo
1257 2139 1260 2148 ’

132 2259 196 2336 cui
218 2257 387 2334 infixum
413 2270 472 2334 est
491 2255 657 2343 haustis,
698 2269 881 2334 naturam
903 2256 1022 2334 habet
1044 2259 1155 2360 plan·
1247 2309 1251 2316 =

131 2385 280 2460 tarum,
304 2372 337 2447 si
360 2395 454 2448 vero
480 2368 675 2447 alimentis
699 2393 721 2446 e
742 2369 843 2446 mari
863 2369 1044 2472 undique
1067 2397 1156 2452 cor·

130 2487 265 2589 neptis,
291 2484 531 2562 animalium
545 2484 726 2586 sequitur
749 2495 941 2560 naturam.

138 2636 141 2645 ·
227 2603 336 2680 Inter
384 2622 551 2701 corpora
605 2595 788 2695 organica
843 2609 882 2674 ot
926 2596 1154 2696 inorganica

6 2777 10 2784 ,
129 2715 240 2792 nulla
273 2727 366 2790 sunt
396 2736 563 2812 corpora
594 2709 845 2799 intermedia,
877 2709 982 2786 inter
1003 2711 1155 2813 plantas

129 2815 228 2906 vero
252 2823 512 2932 etva'nirnalim
535 2825 662 2902 multa
685 2838 789 2902 certe
812 2824 1017 2902 intersunt

132 3031 204 3122 12.
249 2973 457 3162 Plantae
486 3035 623 3114 totae
655 2973 744 3128 aut
778 3050 954 3114 earum
978 3036 1154 3141 partes

194 3192 415 3284 corpora
432 3169 711 3282 symmetrian
729 3171 861 3263 sunt,
893 3162 956 3251 ab
983 3174 1157 3254 exacta

152 3309 154 3318 ’
188 3303 483 3460 symmetria
512 3291 699 3442 parum
724 3295 1035 3393 recedentes.

105 3559 143 3597 ,.
227 3496 407 3598 Corpora
436 3487 687 3591 symmetrica
718 3513 924 3578 vocamus,
961 3514 1063 3594 quae
1094 3515 1153 3568 se-

130 3611 261 3688 ctione
292 3606 507 3712 quadam
495 3631 538 3684 ιιι
573 3601 656 3684 duo
681 3603 800 3718 latera
825 3628 1001 3703 congrua
1027 3603 1152 3682 dividi

129 3739 315 3858 possunt,
348 3734 580 3820 asymmetra
601 3745 707 3809 vero,
728 3707 832 3822 quae
850 3718 958 3798 nulla
978 3720 1153 3796 sectione
1265 3799 1268 3806 ,

129 3838 174 3916 in
196 3839 314 3916 latera
335 3836 423 3914 duo
443 3859 622 3936 congrua
648 3833 888 3913 dividuntur.

229 3957 331 4031 Sunt
373 3973 537 4054 qnoque
581 3973 774 4052 corpora,
823 3971 928 4052 quae
968 3946 1152 4048 pluribus

99 4063 101 4068 ’
132 4065 371 4146 sectionibus
395 4067 438 4144 in
461 4067 581 4154 latera
604 4061 689 4146 duo
713 4085 887 4164 congrua
912 4057 1035 4150 dividi
1058 4083 1151 4164 pos·
