2852 4872
581 379 744 466 atos.
1098 385 1170 462 297

150 571 344 697 antherae.
384 585 472 668 'Aut
496 603 621 667 erecta
646 601 704 666 est
735 599 913 692 apertura
945 599 1170 688 antrorsum

12 783 14 788 ,
148 713 367 792 versa-faut
392 703 566 792 adversa,
592 703 766 804 apicibus
780 714 1016 777 antrorsum
1039 699 1169 788 versis,

149 831 221 922 aut
242 817 403 924 inversa,
429 831 608 921 apertura
632 818 850 892 introrsum
874 813 997 888 dorso
1016 825 1171 887 extror-

148 953 242 1005 sum
273 953 398 1010 vers0.
452 937 546 1009 Duo
578 946 670 1007 sunt
692 929 814 1006 loculi
841 926 1039 1014 antherae,
1062 926 1173 1002 locu-

147 1041 218 1118 lis
227 1053 353 1152 s'aep'e
392 1047 436 1122 in
477 1043 640 1121 locellos
683 1039 832 1129 divisis,
868 1041 1036 1115 minime
1075 1065 1170 1117 vero

147 1160 395 1257 marginum
391 1158 675 1245 involutione,
700 1156 770 1232 sed
794 1154 952 1255 raphe
940 1178 985 1228 m
1010 1151 1172 1255 dissepi-
1293 1241 1300 1262 ι

33 1357 36 1362 ,
77 1329 87 1350 .
147 1287 331 1370 mentum
356 1273 599 1374 prolongata.
702 1333 784 1350 „ff
796 1328 836 1338 -.

245 1387 417 1462 Anthera
442 1408 557 1486 saepe
581 1371 802 1486 petaloidea
828 1379 1084 1486 conspiciens,
1113 1380 1173 1458 lo-

146 1497 288 1574 culis'
276 1500 371 1601 ipsis
401 1499 562 1576 mutatis
594 1521 668 1573 nec
700 1497 895 1585 antherio,
912 1494 1034 1596 quod
1069 1496 1173 1572 inter

125 1609 303 1689 ,loculos
329 1612 511 1689 decurrit

132 1775 135 1782 -
247 1727 395 1827 Stipes
418 1727 462 1800 in
506 1724 591 1799 basi
629 1747 744 1825 saepe
783 1723 903 1800 habet
926 1721 1172 1828 glandulam

145 1840 354 1914 materiam
402 1840 595 1914 viscosam
636 1835 924 1962 exsudantem,
979 1838 1172 1914 retinacu-

146 1949 236 2027 lum
260 1952 371 2030 Rich.

216 2067 446 2142 Columna
463 2049 745 2169 appendicibus
761 2088 875 2167 saepe
891 2064 1074 2164 insignita
1092 2081 1159 2142 est.

229 2180 464 2291 Singularis
496 2197 553 2256 est
582 2187 775 2256 structura
804 2177 975 2285 pollinis.
1022 2186 1168 2257 Massas

145 2290 296 2368 format
327 2280 597 2383 cohaerentes,
631 2319 736 2396 quas
758 2279 966 2394 ‘pollinaria
993 2293 1168 2374 dixeiim.

148 2408 190 2482 si
215 2407 471 2508 pollinarium
495 2407 716 2484 farinosum
743 2420 813 2494 est,
839 2420 990 2482 constat
1007 2431 1029 2482 e
1044 2433 1170 2484 mem·
1200 2505 1201 2512 ἵ

145 2521 270 2599 brana
300 2523 672 2623 parencbymatosa,
697 2546 811 2624 saepe
835 2522 878 2596 in
900 2521 1073 2622 stipitem
1098 2547 1170 2599 seu

148 2621 398 2710 caudiculam
440 2649 650 2720 attenuata,
692 2637 755 2712 cui
791 2636 1051 2710 innascuntur
1086 2645 1170 2763 gra-

144 2748 242 2823 nula
265 2733 447 2856 pollinis.
507 2753 611 2824 Haec
648 2749 809 2848 granula
849 2749 978 2824 multo
1017 2748 1168 2847 majora

147 2875 258 2950 sunt,
300 2887 344 2940 ac
379 2863 422 2935 in
457 2862 619 2964 reliquis
655 2864 806 2966 plantis,
842 2863 969 2937 rarius
1005 2863 1170 2961 globosa

147 2997 264 3077 saepe
295 2959 484 3072 oblonga,
527 2977 710 3065 obovata,
753 2975 980 3074 cylindrica,
1023 2978 1169 3066 conica,

146 3081 368 3165 luculenter
400 3114 422 3165 e
452 3090 753 3190 parenchymate
785 3092 1016 3192 composita
1035 3089 1169 3167 fovilla

146 3227 232 3280 non
274 3203 495 3305 conspicua.
564 3204 605 3279 si
642 3229 737 3311 vero
772 3203 1029 3305 pollinarium
1049 3229 1170 3281 cera·
1256 3291 1260 3298 v

147 3342 273 3393 ceum·
302 3311 529 3416 est,.*longe
572 3317 688 3393 aliam
713 3319 876 3394 ›habent
922 3331 1168 3394 structuram

147 3432 274 3532 Stipes
304 3456 376 3508 seu
407 3431 531 3506 cauda
570 3455 594 3537 e
624 3432 795 3534 globulis
826 3431 985 3533 pollinis
1013 3440 1170 3506 constat
1201 3516 1203 3520 ¹
1304 3448 1308 3457 ’

145 3547 377 3622 membrana
402 3545 549 3622 viscosa
575 3548 700 3621 tenaci
726 3546 909 3634 connexa,
957 3546 1169 3622 Pollinari'a

146 3659 502 3762 ipsa·plerumque
539 3682 787 3762 compressa,
819 3653 1081 3736 subrotunda
1104 3671 1171 3733 aut

148 3774 291 3849 obtuse
324 3774 502 3871 angulata
535 3799 580 3849 ex
609 3775 830 3850 innumeris
861 3775 1031 3872 globulis
1049 3773 1169 3872 polli-

147 3887 210 3962 nis
235 3901 414 3962 constant
439 3886 559 3963 dense
577 3889 789 3992 compactis
807 3903 844 3964 et
860 3887 1169 3973 cohaerentibus,

147 3999 200 4074 ita'
225 4014 271 4076 ut
293 4001 431 4076 intima
455 4027 545 4102 pars
568 4003 834 4089 membranae,
858 4003 890 4078 si
916 3999 1058 4088 adsuit,
1082 4000 1169 4102 pol·

148 4112 229 4190 line
253 4113 406 4190 obtecta
433 4129 470 4191 et
495 4115 724 4192 oblitterata
738 4115 796 4190 sit
