2852 4872
276 363 352 466 ese
461 302 463 312 ¹
700 313 872 466 anos,

376 560 651 666 Perichaetium
680 562 724 640 in
755 565 901 640 Muscis
933 563 983 640 ad
1007 563 1213 644 involucra
1246 589 1311 644 re·

276 673 371 778 feni
395 691 533 779 potest.
587 680 667 754 Aut
692 701 712 752 e
737 678 838 755 veiis
870 677 977 754 foliis
1002 693 1163 768 constat,
1190 693 1258 756 aut
1283 704 1310 756 e

266 789 444 878 ¹bracteis
469 817 541 868 seu
564 789 670 867 foliis
695 817 839 892 parum
863 793 1033 875 mutatis.

280 991 383 1084 154.
444 988 826 1082 Infloresc'entia
859 1022 987 1118 quae
1019 990 1201 1084 florem
1223 1005 1313 1106 aut

342 1128 561 1250 denique
614 1130 837 1222 fructum
884 1135 1111 1240 simulat„
1154 1137 1311 1226 antho—

341 1274 460 1360 dium
495 1271 668 1361 vocari
710 1285 887 1390 potest.
963 1273 1043 1365 Fit
1089 1287 1175 1365 aut
1211 1274 1311 1364 situ

340 1411 560 1524 regulati
595 1397 806 1514 florum,
859 1427 944 1503 aut
984 1413 1311 1505 bractearum

339 1551 642 1654 inclusione,
675 1566 760 1642 aut
791 1553 933 1670 lapsu
965 1553 1276 1646 simultane0.

370 1720 584 1808 ,Vocabulo
609 1721 789 1798 anthodii
805 1722 1025 1800 Ehrhartus
1040 1724 1195 1825 primus
1209 1747 1309 1800 usus

269 1850 356 1925 est,
394 1861 485 1913 cum
526 1834 576 1910 de
614 1835 715 1912 flore
749 1837 974 1938 composito
1013 1838 1310 1936 Tussilaginum

281 1976 414 2028 sermo
446 1964 546 2028 esset
584 1951 794 2050 (Beytriige
824 1977 855 2026 z.
888 1951 1158 2029 Naturkunde.
1197 1957 1241 2030 T.
1273 1953 1309 2028 a

280 2094 318 2173 p.
351 2067 444 2163 tt).
502 2063 563 2143 Ad
599 2065 769 2164 calycem
796 2089 1055 2144 communem
1072 2061 1310 2144 'Willdeno-

280 2182 382 2260 wius
405 2181 626 2257 terminum·
649 2203 732 2254 non
757 2181 860 2255 bene
884 2180 1079 2256 restrinxit
1111 2179 1309 2277 (Grundr.
1413 2243 1414 2278 p

283 2296 321 2376 d.
345 2291 655 2390 Kriuterkunde.
681 2320 724 2393 p„
747 2293 860 2390 142).
915 2296 1107 2387 Auctores
1132 2292 1310 2390 neglexe-

282 2423 386 2486 runt
457 2407 618 2498 Florem
667 2409 937 2508 compositum
993 2413 1310 2507 Syngenesarum

283 2520 539 2600 calathidium
564 2543 648 2595 non
673 2520 777 2596 male
801 2521 955 2597 vocavit
980 2523 1140 2608 cassini,
1170 2520 1309 2623 cepha·
1412 2567 1413 2622 p

283 2634 480 2714 lanthium
526 2635 661 2710 minus
708 2633 811 2710 bene
858 2636 1041 2713 Richard.
1106 2634 1309 2713 Vocabula

284 2749 504 2852 composita
530 2747 687 2844 linguae
713 2773 872 2846 graecae
898 2751 950 2828 ita
975 2748 1185 2826 formanda
1206 2761 1308 2842 sunt,

282 2877 330 2944 ut
353 2861 574 2961 subjectum
598 2863 737 2940 ultima
762 2887 861 2952 voce
886 2865 1098 2953 indicetur,
1123 2864 1216 2940 hinc
1243 2889 1308 2940 an-

281 2977 567 3081 thocephalum
601 2977 818 3056 dicendum
852 2993 1055 3056 essetnec
1102 2977 1308 3080 cephalan-

282 3094 425 3172 thium.
482 3091 627 3168 Gallica
658 3091 791 3192 lingua
829 3118 969 3170 vocem
1002 3089 1225 3187 subjectum
1250 3090 1308 3166 in·

284 3207 483 3294 dicantem
519 3206 746 3304 praemittit,
785 3231 815 3282 e.
857 3231 890 3304 g.
927 3205 1162 3307 portelleur,
1199 3206 1308 3284 unde

223 3307 226 3312 Α
282 3319 568 3398 Botanicorum
601 3319 835 3417 gallicorum
866 3318 1056 3397 vocabula
1088 3321 1308 3420 composita

282 3432 386 3511 mala
412 3455 527 3532 saepe
553 3446 653 3507 sunt
711 3436 923 3510 Terminus
947 3434 1119 3536 pessime
1143 3458 1308 3536 quoque

283 3545 597 3648 multiplicarunt
620 3548 797 3623 Botanici
825 3547 937 3625 Galli.
1235 3627 1243 3642 ‚

379 3661 525 3747 Flores,
544 3686 646 3763 quos
672 3662 915 3761 compositos
932 3663 1084 3739 vocavit
1097 3663 1309 3748 Linnaeus‚

285 3776 336 3858 ad
359 3775 669 3864 inflorescentias
693 3773 944 3852 reducendos
971 3800 1054 3852 esse
1079 3801 1164 3858 non
1195 3798 1309 3876 nego.

285 3892 403 3992 Calyx
428 3891 654 3968 communis
679 3889 818 3990 utique
844 3891 1048 3966 ebracteis
1064 3892 1196 3989 vacuis
1215 3915 1309 3968 eon-

283 4022 368 4084 stat
432 4007 482 4084 tt
517 4003 697 4080 habitum
731 4004 872 4104 singuli
911 4004 1022 4091 floris
1058 4029 1152 4082 sane
1191 4004 1311 4082 relect

285 4120 524 4200 anthodium
549 4118 725 4195 flosculis
751 4119 961 4196 discoideis
984 4119 1099 4222 'quasi
1134 4120 1307 4199 stamini-

1232 4233 1309 4310 bus
