2848 4888
264 345 312 420 19
542 344 995 429 ΙΝΤΒΘΒΌΟΤῙΟ.

261 541 335 618 rite
360 541 667 622 determinandis
690 546 878 624 terminis.
926 545 1093 634 Primus,
1117 544 1281 646 qui'ter·

260 656 394 734 minos
418 657 625 734 botanieos
648 659 752 736 bene
777 660 982 738 constituit·
1003 676 1041 737 et
1070 659 1281 760 explicent,

260 769 337 846 fuit
379 771 506 848 Iouch
549 772 712 871 Iungius
750 774 944 871 (Isagoge
968 772 1280 875 ‘phytoscopice

261 885 406 960 llamb.-
426 889 532 961 1697.
556 887 589 960 l.
616 886 786 990 Coburg.
812 888 917 963 1717.
941 886 1009 984 d).
1065 891 1197 981 Quem
1221 909 1282 962 se·

261 1013 375 1074 cutus
399 1012 457 1077 est
478 999 560 1074 Iole.
586 1001 712 1104 Rujus
750 999 944 1098 (Historia
967 999 1191 1102 plantarum
1215 1021 1285 1096 ge·

258 1111 411 1188 neralis.
453 1111 578 1196 Lond.
623 1116 729 1189 1693.
760 1110 832 1188 fot.
867 1116 912 1189 T.
952 1113 1009 1212 1.)
1049 1111 1285 1212 multosque

258 1226 451 1301 terminos
488 1252 509 1302 a
545 1226 688 1323 Iungio
726 1226 959 1304 constitutos
996 1249 1088 1304 nou
1105 1237 1283 1302 mutatos

258 1339 429 1430 retinuit
482 1343 592 1416 Tum
621 1341 836 1429 Linnaeus,
867 1337 978 1437 cujus
1009 1337 1207 1416 momenti
1230 1337 1282 1415 sit
1375 1351 1379 1360 '

259 1453 557 1552 Terrninologia
592 1454 636 1530 in
667 1454 907 1555 ¹corporibus
939 1452 1181 1530 naturalibus
1212 1448 1281 1528 de·

258 1567 475 1652 scribendis
505 1591 590 1642 non
621 1567 754 1644 solurn
794 1567 971 1666 agnovit,
1009 1566 1080 1644 sed
1104 1587 1281 1669 quoque,

260 1701 338 1780 qua
363 1680 500 1760 solitus
526 1695 615 1770 erat,
641 1681 796 1778 energia
819 1681 1088 1783 pronuntiavit
1116 1678 1279 1779 (Philon

258 1794 390 1870 boton.
415 1798 445 1892 5.
468 1793 584 1890 991).
624 1796 846 1872 ¹'l'erminos
872 1819 1035 1897 quoque
1059 1794 1102 1870 iu
1132 1793 1282 1872 zooloa·

105 1962 111 1972 .
259 1909 363 2006 giam
387 1907 614 1996 introduxit,
638 1923 851 2010 praeeunte
867 1908 1031 2010 quidem
1049 1909 1119 1986 sed
1135 1933 1280 2010 parum

260 2035 435 2098 accurate
458 2021 636 2098 Iohanne
660 2021 769 2120 Rajo.
818 2027 914 2098 Post
935 2024 1158 2098 Linnaeum
1183 2025 1280 2098 Ter-

257 2135 474 2233 rninolo'gie
504 2137 706 2220 Historiae
745 2134 932 2212 naturalis
973 2147 1012 2211 et
1049 2135 1278 2236 praesertim

256 2249 462 2324 Botanices
491 2249 604 2326 valde
637 2247 785 2325 exculto
815 2259 885 2322 est
940 2251 1163 2324 Wernenus
1198 2247 1283 2348 pri-¹

257 2385 350 2456 mus
393 2361 672 2460 Mineralogiae
719 2359 911 2436 terminos
953 2359 1063 2438 dedit
1100 2375 1279 2440 accurate

259 2474 485 2575 descriptos.
540 2473 655 2571 (Vou
685 2473 766 2550 den
798 2471 1054 2550 susserlichen
1069 2475 1281 2555 -nennzei-

259 2589 359 2664 chen
384 2588 457 2664 der
479 2587 680 2665 Fossilien.
702 2589 832 2689 Leipz.
858 2591 962 2664 1771.
997 2588 1065 2686 il).

356 2705 458 2780 &unt
487 2721 581 2778 vero
605 2703 765 2778 termini
790 2702 863 2778 toti
886 2702 1079 2778 Historiae
1102 2702 1274 2780 naturali

257 2841 493 2894 communes
526 2817 576 2892 ab
609 2815 692 2892 aliis
718 2814 999 2913 distinguendi,
1031 2816 1283 2919 1191100111·-

257 2932 355 3030 gire,
379 2931 588 3007 Rotonicae
613 2945 680 3008 aut
703 2929 980 3028 Mineralogiae
1004 2930 1275 3033 proprii-suut.

256 3047 316 3123 Ab
347 3045 410 3121 his
442 3045 620 3147 plerique
649 3042 861 3146 incipiunt,
891 3057 931 3120 et
954 3043 1176 3141 generalem
1199 3059 1275 3120 ter·

256 3157 468 3234 minorum.
495 3158 817 3234 constitutionem
851 3155 1067 3254 negligunt,
1094 3182 1194 3258 quae
1218 3171 1282 3236 tn.

174 3289 190 3318 ··
256 3293 351 3348 men
376 3271 782 3373 specialemomniuo·
801 3269 1034 3372 praecedere
1060 3267 1184 3350 dehet

150 3389 152 3393 ’
355 3385 493 3462 Solent
537 3409 701 3488 quoque
737 3387 928 3462 ductores
963 3385 1169 3463 terminos·¹
1196 3412 1271 3489 pro

256 3498 419 3597 singulis
455 3510 609 3575 tantum
645 3499 820 3602 partibus
849 3498 1112 3576 determinare
1143 3499 1272 3578 modo

255 3613 391 3688 minus
438 3627 540 3716 apto.
612 3612 823 3690 Terminos
870 3613 1056 3690 omnibus
1095 3615 1273 3716 pertibus

255 3725 410 3829 plantae
442 3750 675 3803 communes
711 3753 732 3804 a
768 3727 930 3830 reliquis
962 3719 1135 3827 singulae
1171 3727 1272 3830 parti

254 3841 425 3943 propriis
457 3839 651 3939 sejunctos
681 3842 876 3942 proposui
902 3841 948 3917 in
991 3841 1272 3944 Philosophiae

254 3955 460 4032 botanicae
483 3958 720 4036 Prodrosno.
746 3959 872 4033 Goett
890 3957 994 4034 1797.
1016 3981 1054 4060 p.
1078 3963 1113 4036 9.
1161 3960 1270 4032 Turn

254 4067 359 4147 dero
389 4069 519 4169 llliger
534 4091 638 4160 'juon
674 4071 808 4168 solum
850 4070 1041 4149 tenninos
1082 4069 1270 4148 omnihus
