2840 4878
527 375 722 456 RADI'X
894 385 898 392 “
1070 381 1141 460 lus

214 579 459 674 Rhizomatis
502 580 697 658 vocabulo
745 561 919 680 primus
946 603 1043 680 usus
1084 599 1142 664 est

117 694 337 772 Ehrhartus
374 697 522 795 (Beytr.
561 721 591 770 z.
622 691 893 770 Naturkunde.
926 694 959 770 4.
989 723 1026 798 p.
1059 699 1140 796 44.)
1267 683 1272 688 ’

117 809 159 884 in
184 809 354 886 Filicurn
377 811 595 886 rhizomate
621 807 892 885 describendo.
950 813 1058 887 Tum
1082 839 1141 890 se·

118 925 198 999 cuti
232 940 324 1001 sunt
348 924 412 1001 alii
436 925 622 1010 Botanici,
648 928 799 1022 partem
825 925 1056 1001 crassiorem
1079 954 1141 1004 ra·

118 1037 218 1114 dicis
247 1041 300 1115 ita
324 1053 507 1115 vocantes
539 1037 779 1137 (Bernhardi
813 1037 966 1114 Handb.
995 1039 1031 1116 d.
1056 1045 1140 1119 Bot.

115 1178 153 1252 p
187 1150 1140 1256 sauvillden.Grundr.d.Kraute1-t.p.2u).

116 1269 213 1342 Non
258 1267 525 1343 confundatur
560 1265 741 1340 rhizoma
783 1288 876 1341 cum
917 1267 1141 1350 stolonibus

115 1381 323 1456 tuberosis.
377 1426 379 1432 ·
1122 1409 1126 1417 ·

119 1549 120 1554 =
212 1495 408 1573 Rhizom'a
439 1491 487 1568 fit
518 1517 612 1569 cum
636 1493 740 1568 basis
765 1492 886 1568 caulis
917 1445 1141 1574 seramdurn

88 1671 93 1679 .
117 1630 259 1683 omnes
291 1606 560 1684 dimensiones
593 1621 757 1705 augetur
788 1605 826 1684 e't
857 1608 908 1684 ita
939 1609 1041 1685 intra
1065 1625 1142 1686 ter·

114 1745 203 1795 ram
242 1719 491 1820 demergitur.
557 1725 636 1798 Aut
673 1721 886 1818 globosum
925 1735 998 1809 est,
1023 1738 1069 1799 ut
1099 1726 1141 1800 in

114 1835 379 1922 Renunculis,
418 1847 485 1910 aut
526 1834 764 1931 oblongum,
785 1849 848 1910 ¹ut
878 1837 921 1910 in
953 1837 1141 1914 Filicibus

116 1947 376 2035 nostratibus,
414 1962 482 2024 aut
505 1946 820 2049 placentisorme,
835 2003 838 2014 .
855 1962 902 2024 ut
932 1949 975 2038 in
1009 1951 1142 2048 (lydia-¹

115 2062 237 2138 mine.
286 2059 528 2162 Plerumque
553 2083 728 2159 gemmas
752 2057 904 2161 profert
928 2075 966 2137 et
988 2062 1143 2140 radicu-

115 2176 190 2262 las,
230 2189 270 2252 et
301 2178 429 2251 oritur
458 2176 620 2276 proprie
651 2199 672 2251 e
703 2175 887 2272 gemmis,
924 2201 1026 2279 quae
1050 2195 1144 2278 pro-

118 2289 204 2366 dire
240 2303 407 2377 tentant,
446 2313 523 2391 qua
559 2289 603 2364 in
638 2311 682 2364 re
723 2287 930 2366 tuberibus
950 2297 954 2305 “
971 2293 1141 2369 omnino

117 2404 332 2502 analogum
358 2418 423 2480 est.
538 2457 540 2462 -
1058 2433 1062 2442 ·

120 2569 123 2576 ·
214 2522 262 2596 In
293 2517 494 2605 Bulbosis,
527 2543 619 2594 cum
640 2515 764 2594 bulbi
790 2529 829 2592 et
851 2515 1061 2596 radiculae
1073 2520 1142 2598 ad

118 2632 329 2719 scendunt,
354 2657 443 2733 pars
473 2629 612 2708 infima
636 2630 777 2707 fatiscit
799 2645 875 2706 aut
898 2633 1043 2721 statim,
1075 2647 1143 2719 aut

118 2746 270 2822 diutius
296 2745 496 2834 adhaeret,
521 2746 632 2822 utin
656 2745 902 2842 Antholyzis,
926 2747 1142 2823 Babianis.···

119 2895 122 2900 ·
217 2862 264 2936 ln
296 2859 483 2935 Filicibus
514 2859 688 2934 arboreis
719 2859 901 2934 rhiuom'a
925 2884 1045 2962 supra
1066 2868 1143 2936 tes

117 2999 206 3050 ram
232 2971 470 3050 adscendere
493 2972 657 3048 videtur.
692 2972 852 3048 Caudex
878 2993 1042 3074 quoque
1057 2973 1143 3048 Pal-

116 3111 294 3176 marum,
325 3089 564 3175 Dracaenae,
596 3086 715 3164 Alois
747 3083 1041 3162 arborescentis‘
1058 3111 1143 3163 non

116 3202 256 3276 minus
293 3197 342 3275 ad
379 3201 558 3276 rhizoma
589 3197 725 3276 referri
757 3213 902 3300 potest,
933 3199 1011 3286 ¹nisi
1031 3195 1143 3276 {veiis

117 3313 197 3390 huc
233 3337 402 3415 quoque
429 3311 619 3390 reducere
651 3337 793 3390 ornnes
818 3314 1009 3390 arborum
1032 3327 1144 3391 trun·
1274 3343 1281 3367 ⁴

118 3453 186 3504 cos
199 3452 377 3527 gemmas
395 3427 543 3530 absque
558 3426 658 3505 folio
676 3427 862 3506 fulciente
876 3426 1142 3529 proferentes.

214 3542 342 3621 Radix
374 3566 537 3644 quoque
568 3567 796 3643 praemorsa
828 3539 948 3639 hujus
979 3563 1144 3644 quoque

118 3657 276 3734 videtur
307 3655 395 3733 loci.
466 3657 619 3744 Oritur,
650 3683 744 3736 eum
780 3655 988 3734 inferiores
1027 3657 1144 3733 exsic-

122 3785 259 3846 cantur
283 3769 390 3848 tolia
422 3785 461 3847 et
490 3770 705 3860 radiculae,
747 3771 861 3848 novis
892 3795 1010 3874 supra
1033 3768 1144 3846 bisce

124 3885 265 3960 exortis
296 3884 406 3962 unde
429 3883 513 3960 basi
540 3883 660 3960 caulis
683 3886 892 3962 immutata
918 3898 986 3960 aut
1009 3896 1144 3984 putrea

124 3995 217 4074 dine
242 4013 425 4102 corrupta
449 4021 677 4102 praemorsa
701 3997 875 4076 videtur.-

820 4231 854 4334 ἱ9
