2852 4872
225 344 310 420 246·
658 339 821 415 FLOS.

227 539 346 616 utin
377 537 599 626 Veronicis‚
632 536 703 637 qui
733 534 853 634 igitur
877 533 1081 610 accessorii
1120 533 1253 610 vocari

226 665 403 754 possunt
457 653 574 728 Hisce
604 647 805 747 neglectis,
843 671 999 749 semper
1034 646 1252 726 terminalis

227 767 337 867 prius
361 765 479 842 floret
503 791 546 843 ac
572 761 828 840 secundarius
854 775 892 838 et
916 761 970 837 sic
994 787 1129 865 porro,

322 881 521 982 Prolepsis
556 877 803 955 ‹letermaimta
840 890 911 964 est,
949 878 981 953 si
1018 902 1153 954 ramus
1188 889 1255 954 aut
1295 933 1298 936 -

226 995 405 1070 ramulus
428 993 550 1069 unico
576 991 692 1079 flore,
719 989 930 1078 anthodio,
962 1006 1140 1080 amento,
1164 1017 1253 1068 um·

226 1107 328 1187 bella
353 1106 602 1194 terminatur,
629 1118 697 1182 aut
713 1105 785 1180 alia
804 1104 977 1207 quadam
998 1104 1253 1184 inssorescen·

225 1222 419 1324 tiaplane
444 1235 483 1297 et
504 1235 632 1298 exacte
653 1217 882 1296 deflorente.
918 1221 1255 1300 Imleterminatam

227 1337 464 1424 vocaverim,
495 1336 528 1412 si
552 1359 687 1411 ramus
713 1346 781 1408 aut
802 1330 908 1411 foliis
925 1335 1169 1424 terminatur,
1186 1349 1258 1430 aut
1325 1323 1331 1336 ’

227 1452 331 1553 spica
356 1474 565 1527 racemove
590 1449 642 1526 ita
667 1447 846 1535 florente,
869 1461 915 1527 ut
932 1450 1163 1550 superiores
1179 1448 1254 1526 sso-

226 1591 289 1646 res
319 1567 496 1643 minores
529 1565 591 1644 vix
613 1562 879 1663 explicentur,
910 1577 982 1646 ¹aut
1005 1565 1134 1640 mutili
1161 1590 1253 1666 pro-

227 1681 354 1760 deant.
402 1683 471 1758 Est
482 1681 641 1783 solz'aris
666 1679 963 1769 indeterminata,
990 1679 1024 1753 si
1048 1676 1156 1755 foliis
1177 1692 1253 1756 ter·
1293 1685 1299 1688 ’

225 1795 402 1872 minatur
441 1819 591 1882 ramus,
630 1806 688 1870 est
710 1793 857 1894 florens
889 1793 1194 1881 indeterminata,
1220 1794 1252 1869 si

225 1908 403 1987 floribus.
453 1906 565 1984 lllam
590 1906 756 2004 langius
782 1904 935 1982 caulem
960 1908 1125 1984 vocabat
1141 1907 1253 1985 inde-

225 2022 481 2098 terminatum
508 2024 679 2120 (Isagog.
704 2045 736 2110 c.
763 2025 819 2095 11.
844 2021 1027 2118 5.17.),,

259 2205 262 2216 .
321 2139 383 2214 In.
401 2135 575 2238 prolepsi
608 2125 910 2211 indeterminate
941 2161 1077 2227 ramus
1108 2136 1253 2238 prima·

224 2250 308 2329 rius
332 2250 394 2326 vix
419 2275 502 2326 non
526 2274 685 2350 semper
709 2248 825 2325 altior
850 2263 920 2338 est,
953 2277 1076 2352 quam
1100 2250 1254 2353 reliqui„

225 2363 267 2444 in
292 2363 472 2466 prolepsi.
493 2362 751 2442 determinata
777 2378 845 2440 aut
870 2363 984 2440 altior
1009 2379 1075 2452 est,
1102 2394 1158 2468 pr.
1183 2381 1253 2458 ter-

225 2480 396 2564 mriwlir,
431 2493 499 2554 aut
528 2479 664 2556 minor
693 2480 813 2554 ramis
847 2479 1058 2580 oppositis,
1088 2508 1143 2580 pr.
1170 2507 1252 2556 cen·

224 2593 330 2674 aalr’s
356 2606 394 2668 et
416 2591 585 2693 quidem
609 2592 730 2681 binis,
755 2619 813 2695 pr.
839 2592 1018 2682 centralis
1043 2593 1173 2668 stricte
1195 2593 1253 2689 sic

226 2705 327 2786 dicta
360 2706 693 2809 (Caryophylleae
724 2707 912 2810 plures)„
931 2721 999 2783 aut
1022 2707 1141 2784 ramis
1164 2707 1252 2807 plu·

223 2821 335 2898 ribus
365 2819 467 2897 infra
501 2823 658 2911 exortis,
688 2853 745 2926 pr.
779 2826 976 2927 prolisem,
998 2811 1253 2922 (Euphorbia

224 2935 447 3034 palustris),
481 2931 560 3013 aut'
580 2963 693 3014 ramo
722 2937 897 3016 adstante
923 2935 1084 3024 axillari,
1104 2965 1159 3040 pr.
1189 2965 1252 3012 ex·

224 3052 457 3136 travillonis
483 3051 787 3146 (Umbelliferae
812 3053 979 3153 plures).

251 3231 254 3238 .
319 3163 370 3241 Hi
395 3165 553 3240 termini
578 3163 660 3242 fere
686 3191 826 3250 omnes
845 3164 977 3242 autad
994 3163 1252 3242 inssorescen-

222 3275 318 3354 tiam
357 3276 485 3352 solam
524 3279 764 3379 applicandi,
803 3277 958 3358 autad
990 3280 1112 3354 totius
1143 3280 1253 3379 plan-

223 3405 301 3477 tae,
316 3447 323 3494 3
340 3403 420 3466 tarn
458 3390 806 3479 inflorescentiam,
846 3419 968 3495 quam
1000 3391 1253 3480 ramisrcatio-

223 3528 337 3582 nem·
370 3500 625 3599 ¹Hujusmodi
659 3509 952 3585 observationes
985 3506 1163 3608 primum
1193 3509 1253 3584 in·-

225 3618 338 3712 stitui
359 3618 552 3716 (Grundl.
579 3619 615 3695 d.
649 3625 758 3700 Anat
784 3647 821 3723 p.
848 3621 967 3720 174),
994 3634 1082 3698 tum
1106 3625 1253 3700 Brown

226 3733 361 3830 (Linn.
389 3738 585 3810 Transact.
609 3739 691 3812 XII.
717 3764 753 3838 p.
778 3742 836 3813 91.
846 3736 872 3832 ).
1010 3782 1018 3798 ·

227 3885 354 4016 15οζΙ
392 3924 461 4016 Ut
472 3933 690 4046 prolepsis
719 3935 901 4030 oriatur,
929 3933 1045 4050 ligno
1070 3931 1249 4018 robusto

234 4112 250 4166 ,-
292 4093 418 4183 opus
448 4081 536 4158 est.
