2848 4888
251 340 321 456 :oo
677 309 892 455 ιοιιιιιῖ

269 559 482 670 'gunturf
454 597 530 652 nec
556 571 605 650 ad
625 589 721 657 eam,
736 586 825 671 qna
843 573 1005 652 similes
1036 565 1295 676 Explicationi

272 689 455 790 opposita
487 700 544 764 est
573 685 756 763 confusio
785 688 979 787 partium,
1003 709 1105 790 quae
1131 712 1296 798 quoque

266 827 295 904 ¹a
329 802 538 877 coalitione
570 797 718 875 differt.
750 803 815 877 In
848 803 1059 910 coalitione
1083 817 1211 908 partes
1238 802 1296 878 dis

271 938 407 990 versae
428 912 586 1013 jamjam
611 912 792 993 distincte
812 903 1123 1018 conspiciuntur,
1142 918 1185 993 in
1203 941 1297 993 con-

266 1027 430 1106 fusione
453 1027 629 1103 minime
992 1055 996 1068 ·
1037 1057 1041 1067 ·
1192 1048 1195 1060 ·

370 1141 438 1220 Ad
476 1133 817 1243 explicationem
826 1168 990 1248 quoque
1036 1089 1224 1248 pertinet,
1265 1147 1296 1222 sl

271 1282 399 1335 massa
423 1255 558 1333 minus
582 1256 752 1370 formata
776 1258 935 1336 rudisve
961 1262 1154 1337 evanescit
1170 1276 1208 1337 et
1223 1261 1298 1336 hu

270 1371 334 1474 jus
357 1372 449 1447 loco
473 1395 601 1448 massa
625 1363 751 1472 magis
774 1371 979 1450 formata
965 1375 1175 1450 mvenitur.
1233 1375 1298 1476 Sic

272 1487 479 1565 albumen
507 1486 550 1560 in
599 1488 822 1568 seminibus
864 1511 1035 1564 massam
1085 1488 1184 1564 sistit
1223 1490 1298 1564 mi-

273 1623 365 1679 nus
375 1601 613 1688 formatam
647 1599 759 1699 cujus
788 1602 879 1678 loco
905 1625 991 1708 non
1014 1624 1105 1678 raro
1133 1602 1297 1702 embryo

272 1711 412 1822 utpote
435 1707 560 1811 magis
583 1713 781 1792 formatus
805 1700 1056 1848 conspicitur.
1148 1733 1163 1762 ³

369 1828 583 1930 Explicatio
621 1831 745 1928 magis
781 1829 997 1931 minusque
1032 1828 1204 1931 perfecta
1241 1844 1300 1908 est

272 1915 314 2022 et
337 1942 539 2046 explicatio
566 1967 730 2045 quoque
754 1942 943 2074 perfectio
970 1942 1148 2020 dicenda

274 2153 279 2162 ὓ
368 2057 584 2160 Explicatio
616 2057 742 2155 magis
775 2057 994 2159 minusque
1030 2056 1200 2161 perfecta
1236 2057 1298 2134 vix

272 2195 454 2275 unquam
468 2172 679 2247 varietates
702 2170 899 2290 producit,
925 2195 1083 2273 semper
1104 2170 1188 2248 fere
1212 2197 1299 2274 spe·

273 2288 376 2364 cies
373 2300 451 2362 aut
479 2285 613 2387 potius
643 2307 811 2384 genera
837 2283 1079 2437 ordinesque
1102 2281 1300 2364 naturales

274 2400 498 2480 coustituit

273 2637 347 2732 38.
408 2620 636 2766 Ριιιῐίιιιιι
668 2647 719 2726 et
748 2633 870 2727 hinc
901 2636 1190 2756 plantarum
1220 2665 1296 2726 va-

336 2777 483 2910 riatio
520 2776 575 2865 in
610 2775 792 2896 majori
832 2777 1084 2870 minorive
1127 2807 1297 2896 compo·

333 2926 490 3012 sitione
518 2917 682 3048 posita
716 2930 799 3008 est.

372 3081 436 3167 Sic
459 3089 570 3166 radix
593 3089 758 3192 simplex
783 3102 841 3164 est
857 3080 925 3164 aut
939 3111 1106 3163 ramosa.
1144 3087 1185 3163 Si
1202 3081 1296 3165 tero

274 3195 439 3306 simplex
470 3196 544 3292 est,
575 3205 710 3307 plures
740 3202 963 3290 adduntur,
994 3192 1041 3277 ut
1071 3203 1298 3280 nutritionis

274 3319 437 3416 negotio
464 3311 690 3406 sufficiant,'
704 3331 742 3404 et
764 3316 875 3393 radix
898 3314 1047 3392 fibrosa
1070 3333 1242 3394 vocatur.

304 3501 307 3508 ,
367 3431 505 3536 ¹Gaulis
529 3423 776 3532 simplex'est
801 3427 869 3507 aut
891 3455 1088 3520 ramosus,
1114 3432 1297 3508 ramosis·

274 3545 417 3635 simus,
446 3568 527 3622 -nec
563 3547 698 3622 minus
726 3546 827 3621 rami
863 3537 906 3620 ex
937 3546 1023 3648 ipso
1054 3546 1299 3650 prodeuntes

273 3661 399 3760 magis
423 3653 639 3763 minusque
662 3660 817 3736 ramosi·
836 3653 937 3735 sunt
1054 3683 1056 3693 ·

370 3774 547 3852 Petiolus
578 3773 744 3876 simplex
775 3779 932 3874 semper
959 3771 1098 3878 prodit
1128 3788 1168 3850 et
1206 3773 1298 3850 sim-

274 3887 362 3990 plex
399 3911 514 3991 saepe
549 3903 772 3992 permanet,
803 3913 937 3965 ramos
969 3913 1064 3966 vero
1091 3883 1233 3968 emittit
1255 3890 1298 3966 in

273 4001 374 4080 folio
411 4025 517 4081 vere
538 4004 720 4108 pinnato,
757 4025 859 4106 quae
896 3997 1043 4081 iterum
1065 3999 1299 4124 iterumque
1404 3993 1408 4000 ’

275 4141 408 4196 ramos
431 4118 712 4220 protrudunt
700 4139 743 4196 ιιι
767 4115 868 4199 totto
887 4113 1185 4220 multipinnat'o
