2852 4872
292 365 366 444 ato
721 363 884 444 latos

294 567 397 658 160.
475 567 616 685 Calyce
668 578 743 655 est
773 565 1022 658 cinnor·
1065 568 1313 686 perigonii

356 704 509 806 orbis,
528 702 745 795 ¹rudio're
779 731 1019 824 compage
1053 721 1102 798 et
1138 708 1311 800 colore

352 843 499 938 viridi
528 843 734 933 suscove
767 841 1037 936 distinctus.

385 1014 546 1094 Limites
570 1015 673 1091 inter
697 1014 867 1112 calycem
892 1017 1130 1095 corollamve
1151 1043 1235 1096 non
1251 1043 1313 1097 rc·

289 1130 514 1236 periunturt
547 1128 653 1226 calyx
683 1127 788 1205 soliis
825 1129 994 1224 similior
1030 1145 1104 1220 est,
1145 1134 1312 1216 crassior

289 1243 485 1346 glandulis
510 1244 682 1320 cutaneis
708 1257 821 1320 extus
840 1245 964 1342 magis
988 1245 1197 1346 inspersus,
1222 1271 1312 1344 ner7

289 1360 347 1438 ris
369 1359 506 1439 minus
530 1357 695 1460 partitis,
720 1356 855 1433 colore
881 1357 1120 1436 obscuriore.
1169 1361 1312 1458 Margi-

288 1500 359 1554 nes
399 1496 514 1575 saepe
547 1471 672 1548 teneri
706 1484 744 1546 et
773 1471 1013 1572 pellucentes
1037 1488 1139 1550 sunt
1188 1478 1312 1552 Inter·

288 1587 388 1666 dum
420 1613 442 1668 e
475 1586 622 1688 duplici
657 1598 808 1660 constat
833 1586 947 1674 orbe,
972 1587 1175 1664 interdum
1199 1588 1311 1668 sotus

288 1702 398 1780 adest
436 1699 584 1801 absque
623 1699 787 1785 corolla,
819 1697 1021 1780 interdum
1047 1700 1189 1779 delicit
1237 1707 1311 1782 Fa·

288 1816 371 1894 cilis
402 1813 621 1901 distinctio,
653 1813 685 1887 si
720 1810 869 1888 corolla
900 1812 1019 1893 sirnul
1045 1815 1155 1894 adest
1177 1816 1309 1896 multo

286 1929 477 2018 tenerior,
518 1927 707 2014 colorata,
748 1926 878 2002 nervis
919 1925 1068 2020 divisis,
1111 1930 1309 2029 glandulis

287 2043 460 2122 cutaneis
477 2042 606 2118 nullis.
631 2037 851 2127 Difficilior,
874 2039 905 2116 si
923 2040 1161 2122 characteres
1178 2045 1307 2126 modo

286 2157 380 2238 dicti
411 2181 495 2233 non
529 2153 733 2232 luculenti.
788 2154 866 2235 Ubi
891 2152 1029 2244 dubia,
1052 2158 1308 2258 perigeniurn
1414 2191 1415 2194 ¹

287 2269 450 2351 dicatur.

381 2387 481 2464 Ante
511 2381 731 2458 Litanaeum
764 2380 934 2479 calycem
966 2397 1173 2474 vocarunt,
1193 2383 1307 2466 basin

283 2495 394 2574 {loris
436 2508 474 2571 et
514 2491 837 2582 fundamentum,
880 2496 1048 2575 crassitie
1089 2497 1306 2584 notabilem

284 2611 419 2713 (Lina.
443 2606 542 2685 Phil.
566 2608 647 2685 bot.
670 2610 728 2683 89.
737 2607 764 2704 ).

181 2811 187 2824 ¹
381 2719 584 2800 Corollam
622 2746 643 2798 a
682 2720 906 2821 perianthio
947 2717 1150 2823 distingui,
1191 2725 1305 2828 quod

281 2838 347 2916 illa
374 2863 467 2914 cum
491 2834 724 2917 staminibus
749 2835 827 2914 situ
845 2836 1015 2928 alternet,
1037 2839 1305 2940 perianthium

283 2967 416 3032 autem
462 2964 690 3053 opponatur
734 2949 856 3048 (Phil.
899 2951 980 3028 bot.
1022 2954 1114 3051 bd).
1176 2957 1302 3044 Certe,

283 3062 481 3163 eiusmodi
507 3063 708 3142 alternatio
728 3051 776 3138 in
800 3062 912 3140 floris
935 3066 1111 3166 partibus
1127 3065 1214 3146 fieri
1236 3067 1305 3149 de·

282 3177 358 3266 bet
383 3204 475 3256 nam
502 3177 532 3252 si
558 3175 752 3252 soliorum
777 3176 997 3276 analogiam
1015 3195 1174 3282 spectas,
1189 3185 1304 3264 verti-

263 3289 392 3372 cillos
416 3289 610 3370 soliorum
640 3289 844 3391 proximos
869 3291 1014 3371 eodem
1038 3293 1165 3372 modo
1186 3296 1303 3380 ,alter-

280 3415 417 3484 nantes
448 3403 619 3482 videbis..
671 3405 721 3482 At
752 3401 925 3482 difficilis
950 3429 1066 3508 saepe
1090 3406 1304 3502 distinctio,

280 3540 374 3594 nam
398 3539 482 3593 non
506 3541 596 3594 raro
621 3540 728 3594 unus
754 3518 927 3620 alterque
952 3519 1061 3596 orbis
1087 3518 1231 3608 deficit,
1264 3589 1278 3606 ,.

288 3679 291 3686 »
377 3631 560 3729 Calycem
606 3631 843 3710 corticosam
887 3631 1105 3734 pedunculi
1152 3634 1302 3718 floralis

280 3744 587 3846 productionem
610 3755 734 3818 *vocat
762 3745 916 3826 Iussieu
948 3749 1070 3847 (Gen.
1099 3750 1152 3851 pl.
1185 3753 1305 3850 XX.),-

279 3859 374 3935 hinc
411 3861 480 3962 qui
518 3885 611 3937 eum
645 3872 869 3957 sequuntur
898 3862 1039 3938 volunt
1063 3861 1232 3962 calyccm
1257 3866 1303 3950 tn

279 3972 553 4074 pedunculum
583 3970 756 4051 transire.
817 3975 867 4051 At
901 3973 944 4051 in
980 3978 1116 4054 multis
1145 3980 1299 4080 perign-

279 4087 408 4177 nium,
455 4089 566 4196 quod
600 4091 706 4192 calyx
738 4090 917 4168 Iussieuo
952 4106 1129 4182 vocatur,
1164 4091 1318 4170 distin-1
