2848 4888
256 377 306 454 tu
646 371 894 454 etanta:

257 565 574 676 (Besehreib‘ung
620 571 730 648 einer
776 569 850 646 mit
898 567 993 648 dem
1033 568 1279 648 Calauschen

230 751 234 768 ,
256 689 410 770 Wachs
434 675 727 785 ausgemahlten
749 683 1110 788 Farbenpyramide
1133 709 1166 761 v.
1182 687 1215 762 J.
1230 687 1278 761 Η.

255 805 450 886 Lambert.
484 800 626 879 Berlin.
640 802 745 878 1772
781 799 851 898 4.).

271 983 274 992 .
353 917 592 998 Mutationes
616 912 801 990 colorum
823 911 952 992 variae
981 927 1083 992 sunt
1131 914 1279 994 Oriun-

256 1051 323 1117 tur
352 1019 375 1110 e
405 1032 596 1122 mixtione
619 1028 935 1130 pigmentorum,
960 1053 981 1106 a
1006 1027 1196 1108 densitate
1219 1028 1279 1131 pi-

257 1146 416 1252 gmenti,
450 1171 471 1221 a
501 1133 717 1250 pigmento
738 1141 828 1219 albo
861 1141 1052 1232 admixto,
1076 1169 1097 1219 a
1123 1143 1279 1246 quanti-

256 1280 334 1344 tate
362 1259 520 1338 retons-
552 1255 624 1334 seu
658 1255 762 1333 lueis
792 1255 988 1334 coloratae
1015 1259 1219 1346 remissae,
1257 1281 1307 1361 a¹

257 1375 467 1482 superficie
489 1372 615 1472 magis
637 1371 821 1448 minusve
844 1371 1011 1460 nitente,
1036 1371 1280 1475 a2pelluoen-

256 1496 309 1571 tia
339 1488 548 1594 pigmenti,
572 1477 754 1564 necnon
780 1487 958 1587 corporis
981 1487 1120 1589 ipsius,
1146 1512 1167 1562 a
1190 1511 1281 1564 mu-

256 1608 405 1683 tatione
429 1601 619 1713 pigmenti
643 1601 768 1714 ipsius
791 1600 834 1674 in
857 1600 1066 1702 superficie
1082 1601 1280 1700 (angelau-

256 1721 355 1798 fene
383 1716 838 1814 Farben)n·vn1ietate
866 1715 1069 1804 colorum·7
1095 1741 1198 1817 quos
1222 1715 1281 1816 pi

258 1848 465 1935 grneutum
503 1828 636 1906 reddit
659 1827 997 1962 (Farbenspiel).
1028 1831 1185 1939 Pictura
1223 1841 1283 1906 est

257 1948 430 2028 extensio
456 1944 649 2021 colorum

261 2101 263 2108 .
354 2059 474 2138 calor
495 2053 772 2154 vegetabilium
795 2077 881 2130 non
895 2053 1075 2160 'solum
1063 2081 1098 2131 ts
1123 2057 1281 2160 estqui

255 2200 328 2280 per
362 2173 513 2276 plantas
549 2184 729 2246 mortuas
764 2179 1006 2280 propagatur
1037 2181 1081 2246 et
1112 2195 1157 2246 ex
1187 2173 1282 2276 ipsis

257 2291 481 2375 extricatur,
513 2285 584 2362 sed
608 2304 774 2386 quomte
798 2285 847 2371 is,
880 2284 950 2386 qui
974 2284 1017 2359 in
1040 2285 1182 2387 planta·
1195 2287 1281 2361 viva

255 2403 502 2508 producitur.
556 2397 943 2500 Phosphoresoentia
963 2407 1127 2501 qunque
1150 2399 1194 2475 in
1217 2405 1282 2476 vei

257 2517 487 2617 getabilium
509 2513 688 2615 partibus
706 2511 891 2589 mortuis·
905 2514 1077 2614 saepius,
1103 2513 1148 2616 in
1185 2513 1282 2590 vivis

257 2631 456 2707 rarissime
487 2628 726 2704 observatur.
780 2631 842 2702 De
875 2624 1120 2703 electricitate
1149 2627 1193 2702 in
1216 2634 1283 2704 vel

257 2739 490 2843 ‘gelabilibus
527 2742 699 2831 excitata,
740 2753 808 2818 aut
842 2738 1022 2846 ejusdem
1058 2740 1205 2820 effectu
1238 2743 1281 2819 in

255 2857 407 2961 plantas
429 2879 554 2957 pauca
577 2854 775 2932 habemus·
794 2855 1070 2957 experimenta.

287 3003 291 3016 ·
352 2969 547 3071 Principia
583 2969 808 3072 plantarum
846 2971 1021 3046 ehemiea
1051 2969 1281 3050 immediata

256 3098 463 3172 vocantur,
496 3098 751 3187 quaeant-a
787 3098 939 3161 natura·
963 3085 1063 3188 ipsa,
1100 3101 1181 3192 aut.
1204 3107 1282 3189 ope

256 3211 557 3276 menstruorum
583 3198 807 3286 eliciuntur,
833 3222 865 3274 e.
890 3221 924 3298 g.
949 3200 1118 3298 gummi;
1141 3202 1282 3290 resina:

257 3309 529 3400 alealoideum
552 3309 733 3401 mediata,
757 3335 861 3417 quae
885 3315 1182 3405 combustione,
1198 3321 1282 3418 qud
1410 3377 1411 3384 ι

256 3427 467 3536 pertinent
485 3437 749 3526 oxygeneurn,
769 3426 1106 3590 hydrogtne't'im;
1134 3431 1281 3571 carbo

256 3541 410 3630 nisum,
435 3554 609 3618 azotum.¹

279 3659 476 3757 “Sapores
512 3655 709 3758 simplices
745 3669 855 3747 sunt,
893 3657 1281 3736 montinneio

257 3767 632 3859 differant-effectu,
665 3795 696 3848 e.
721 3791 755 3871 g.
773 3792 890 3860 across
914 3771 1200 3872 adstringentes
1213 3780 1281 3850 ete'ss

255 3883 478 3974 tum-loco,
514 3899 582 3962 aut
604 3885 723 3974 labia,
760 3901 828 3963 aut
851 3899 1003 3986 guttum·
1033 3902 1101 3966 aut
1124 3881 1282 3988 linguae

258 3999 409 4098 apicem
454 4012 523 4077 etc.
567 3997 808 4106 adiicientes:
845 4000 1013 4080 tandem
1061 4000 1281 4081 duratione.

258 4112 327 4188 sie
353 4111 395 4188 in
428 4112 624 4192 odoribus
648 4115 796 4206 mixtio,
821 4113 1007 4206 effectusf
1026 4115 1139 4194 locus
1158 4120 1222 4217 ·(e.
1246 4139 1280 4219 g.
