2852 4872
250 373 325 454 262
667 374 837 450 ¹FLOS.

252 583 381 658 vocat,
423 583 461 646 et
498 569 622 673 ipsius
661 570 788 645 valvas
829 569 996 667 glumas,
1033 561 1268 643 corollinam

252 703 346 762 vero
371 684 604 782 stragulum,
628 683 830 784 ipsiusque
854 682 980 758 valvas
1010 681 1149 782 paleas.
1205 679 1268 756 Sic

252 811 380 900 partes
405 797 543 874 eadem
566 810 758 872 structura
774 810 814 871 et
829 821 943 898 saepe
960 818 1123 897 quoque
1138 792 1269 869 forma

254 909 525 986 diversissimis
541 910 773 1018 nominibus
788 909 994 1008 insignitae
1010 923 1111 984 sunt.
1144 912 1271 985 Voca-

129 1099 133 1109 2
252 1022 396 1101 bulum
429 1021 561 1123 paleae
589 1022 762 1098 bracteas
794 1023 972 1126 quidem,
1009 1037 1048 1099 at
1078 1023 1120 1098 in
1150 1020 1271 1119 longe

255 1135 328 1214 alia
351 1136 640 1212 inflorescentia
664 1137 821 1214 indicat.

304 1316 309 1326 ,
349 1249 474 1328 Arista
508 1251 743 1326 Graminum
775 1267 832 1328 est
862 1248 1106 1328 continuatio
1132 1271 1272 1324 nervo·

254 1383 356 1452 rum,
380 1363 433 1440 ita
458 1376 600 1452 tamen,
623 1378 670 1442 ut
695 1365 906 1468 epidermis
931 1377 1125 1465 sequatur.
1167 1365 1273 1440 Con-

255 1490 329 1554 stat
353 1477 497 1552 evasis
522 1476 696 1569 fibrosis,
721 1480 928 1582 spiralibus
946 1474 1183 1563 oblitteratis,
1200 1498 1273 1550 nec

254 1613 339 1666 non
363 1590 688 1691 proseuchymate
721 1609 760 1668 et
782 1589 1084 1694 parencbymate
1108 1589 1274 1665 circum·

255 1701 362 1780 susis.
408 1693 458 1781 Et
473 1700 681 1800 glandulae
704 1721 889 1782 cotaneae
904 1707 947 1780 in
962 1705 1057 1806 ipsis¹
1073 1703 1275 1805 reperiun-

255 1829 330 1894 tur.
377 1819 570 1895 Beauvois
595 1833 718 1896 setam
741 1822 791 1896 ab
808 1821 920 1896 arista
939 1818 1150 1916 distinguit,
1165 1816 1275 1894 illam

258 1951 281 2008 e
310 1931 456 2018 nervis,
497 1931 599 2008 hanc
630 1933 761 2010 subito
788 1933 900 2036 quasi
926 1932 1031 2009 oriri.
1078 1936 1129 2010 At
1153 1931 1276 2019 arista,

258 2067 380 2146 quam
406 2042 513 2133 dicit,
539 2071 695 2148 semper
719 2072 740 2122 e
764 2072 886 2125 nervo
913 2045 1048 2134 oritur,
1063 2069 1135 2120 nec
1151 2044 1277 2141 magis

258 2156 432 2235 coriacea
458 2160 581 2234 estin
608 2160 802 2237 Gaudinia
827 2160 963 2259 fragili,
989 2183 1109 2262 quam
1127 2158 1274 2234 'l‘ritico
1325 2187 1326 2194 ¹

260 2269 392 2348 sativo.
446 2272 638 2348 Tortilem
675 2299 790 2374 saepe
828 2298 910 2350 esse
936 2287 973 2349 et
997 2273 1130 2350 colore
1162 2271 1276 2348 fusco

259 2381 455 2459 imbutam
502 2385 739 2463 characteres
786 2411 869 2462 non
916 2401 1009 2464 sunt
1049 2387 1280 2463 essentiales

261 2497 463 2572 structura
498 2499 664 2576 minime
706 2498 903 2576 differunt.
970 2505 1099 2576 Setam
1139 2501 1280 2578 omnes

260 2608 436 2688 Bolanici
460 2608 588 2712 pilum
611 2627 803 2690 'rocanmt
825 2613 1011 2712 rigidum.

357 2727 507 2800 Panzer
535 2724 578 2800 in
610 2727 714 2804 Actis
737 2727 852 2805 Acad.
877 2734 1030 2820 Monac.
1056 2734 1100 2806 T.
1124 2731 1188 2807 IV.
1212 2751 1281 2830 pe-

262 2833 502 2935 ristachyum
534 2855 648 2916 vocat
685 2867 716 2914 v:
730 2841 810 2918 l'vas
842 2844 1050 2920 exteriores
1085 2841 1279 2928 rudiores,

263 2947 434 3048 calycem
464 2953 598 3030 minus
627 2955 762 3044 rudes,
788 2956 979 3034 corollam
1002 2957 1218 3032 teneriores
1244 2967 1283 3032 et

263 3063 392 3140 nemis
421 3063 638 3165 majoribus
669 3083 851 3146 carentes.
898 3074 948 3149 At
970 3070 1151 3144 teneritas
1174 3067 1281 3146 falla·

265 3197 351 3250 cem
385 3174 506 3254 efficit
537 3181 797 3260 characterem
827 3197 867 3260 et
901 3207 1116 3260 nervorum
1154 3181 1282 3260 distri-

263 3283 379 3364 butio
405 3289 554 3368 eadem.
1259 3349 1263 3389 ¹,

359 3403 477 3479 Nervi
508 3405 552 3480 in
583 3402 772 3486 omnibus
800 3410 907 3486 hisce
937 3409 1103 3488 bracteis
1133 3412 1227 3488 recti
1260 3438 1282 3488 a

265 3513 349 3592 basi
379 3512 430 3592 ad
462 3518 612 3619 apicem
639 3539 868 3610 excurrunt,
894 3523 1032 3601 eadem
1058 3523 1283 3625 saepissime

267 3628 379 3730 copia
402 3629 445 3705 in
470 3631 608 3711 eadem
633 3635 773 3736 planta.
823 3635 1025 3736 singulare
1043 3653 1101 3716 est
1115 3639 1284 3714 tenerio-

267 3745 329 3820 res
359 3767 459 3833 esse,
489 3747 559 3822 ubi
591 3748 686 3825 aliae
715 3761 843 3852 partes
867 3751 1121 3842 incumbunt,
1144 3751 1283 3852 rudiof

266 3871 327 3932 tes
351 3857 423 3934 ubi
447 3858 602 3951 nudae3‘
621 3887 721 3964 quae
746 3863 889 3940 rudior
911 3880 1059 3942 textura
1091 3891 1112 3942 a
1145 3889 1283 3968 paren·

267 3965 446 4068 tbymat'e
470 3973 873 4064 circumfuso'oritun
898 4005 931 4055 r.
957 4005 984 4055 s.
1103 4025 1106 4031 ·

269 4093 279 4132 ·’
360 4087 574 4166 Facillime
590 4089 633 4166 in
663 4090 758 4169 folia
790 4082 1022 4180 excrescunt,
1050 4091 1162 4169 utin
1188 4095 1283 4173 Gra·
1332 4181 1334 4186 ,

266 4198 442 4282 minibus
466 4202 520 4280 sic
546 4203 658 4282 dictis
680 4206 860 4311 vitiparis
883 4203 1074 4284 videmus
1336 4195 1343 4210 “
