<?xml version="1.0" encoding="UTF-8"?>
<!DOCTYPE html PUBLIC "-//W3C//DTD XHTML 1.0 Transitional//EN"
    "http://www.w3.org/TR/xhtml1/DTD/xhtml1-transitional.dtd">
<html xmlns="http://www.w3.org/1999/xhtml" xml:lang="en" lang="en">
 <head>
  <title>
</title>
<meta http-equiv="Content-Type" content="text/html;charset=utf-8" />
  <meta name='ocr-system' content='tesseract 3.04.00' />
  <meta name='ocr-capabilities' content='ocr_page ocr_carea ocr_par ocr_line ocrx_word'/>
</head>
<body>
  <div class='ocr_page' id='page_1' title='image "./elementaphiloso00linkgoog_0320.png"; bbox 0 0 2836 4878; ppageno 0'>
   <div class='ocr_carea' id='block_1_1' title="bbox 459 393 1158 498">
    <p class='ocr_par' dir='ltr' id='par_1_1' title="bbox 459 393 1158 498">
     <span class='ocr_line' id='line_1_1' title="bbox 459 393 1158 498; baseline -0.016 0"><span class='ocrx_word' id='word_1_1' title='bbox 459 493 463 498; x_wconf 78' lang='grc'>,</span> <span class='ocrx_word' id='word_1_2' title='bbox 573 419 734 496; x_wconf 72' lang='lat' dir='ltr'><strong>utos.</strong></span> <span class='ocrx_word' id='word_1_3' title='bbox 1090 393 1158 490; x_wconf 81' lang='grc' dir='ltr'><strong>Ι311</strong></span> 
     </span>
    </p>
   </div>
   <div class='ocr_carea' id='block_1_2' title="bbox 138 585 1164 955">
    <p class='ocr_par' dir='ltr' id='par_1_2' title="bbox 138 585 1164 955">
     <span class='ocr_line' id='line_1_2' title="bbox 139 585 1162 724; baseline -0.017 -20"><span class='ocrx_word' id='word_1_4' title='bbox 139 622 162 648; x_wconf 84' lang='grc'><strong>“’</strong></span> <span class='ocrx_word' id='word_1_5' title='bbox 228 585 368 702; x_wconf 76' lang='lat' dir='ltr'><strong>¹Planta</strong></span> <span class='ocrx_word' id='word_1_6' title='bbox 409 607 735 724; x_wconf 81' lang='lat' dir='ltr'><strong>hermaphrodita</strong></span> <span class='ocrx_word' id='word_1_7' title='bbox 766 618 947 702; x_wconf 69' lang='lat' dir='ltr'><strong>uocatur,</strong></span> <span class='ocrx_word' id='word_1_8' title='bbox 985 637 1106 721; x_wconf 88' lang='lat' dir='ltr'><strong>quae</strong></span> <span class='ocrx_word' id='word_1_9' title='bbox 1119 612 1162 687; x_wconf 90' lang='lat' dir='ltr'><strong>in</strong></span> 
     </span>
     <span class='ocr_line' id='line_1_3' title="bbox 139 725 1163 835; baseline -0.016 -19"><span class='ocrx_word' id='word_1_10' title='bbox 139 737 284 816; x_wconf 87' lang='lat' dir='ltr'><strong>eodem</strong></span> <span class='ocrx_word' id='word_1_11' title='bbox 308 737 410 814; x_wconf 87' lang='lat' dir='ltr'><strong>flore</strong></span> <span class='ocrx_word' id='word_1_12' title='bbox 436 751 474 813; x_wconf 87' lang='lat' dir='ltr'><strong>et</strong></span> <span class='ocrx_word' id='word_1_13' title='bbox 497 739 664 812; x_wconf 86' lang='lat' dir='ltr'><strong>stamina</strong></span> <span class='ocrx_word' id='word_1_14' title='bbox 690 749 730 812; x_wconf 89' lang='lat' dir='ltr'><strong>et</strong></span> <span class='ocrx_word' id='word_1_15' title='bbox 751 727 928 835; x_wconf 81' lang='lat' dir='ltr'><strong>pistillo</strong></span> <span class='ocrx_word' id='word_1_16' title='bbox 916 728 1052 828; x_wconf 67' lang='lat' dir='ltr'><strong>pungit.</strong></span> <span class='ocrx_word' id='word_1_17' title='bbox 1099 725 1163 802; x_wconf 85' lang='lat' dir='ltr'><strong>Sic</strong></span> 
     </span>
     <span class='ocr_line' id='line_1_4' title="bbox 138 839 1164 955; baseline -0.015 -25"><span class='ocrx_word' id='word_1_18' title='bbox 138 878 303 955; x_wconf 86' lang='lat' dir='ltr'><strong>quoque</strong></span> <span class='ocrx_word' id='word_1_19' title='bbox 338 851 415 928; x_wconf 85' lang='lat' dir='ltr'><strong>llos</strong></span> <span class='ocrx_word' id='word_1_20' title='bbox 450 847 804 952; x_wconf 86' lang='lat' dir='ltr'><strong>hermaphroditus</strong></span> <span class='ocrx_word' id='word_1_21' title='bbox 841 845 994 922; x_wconf 90' lang='lat' dir='ltr'><strong>dicitur</strong></span> <span class='ocrx_word' id='word_1_22' title='bbox 1060 839 1164 916; x_wconf 89' lang='lat' dir='ltr'>Huic</span> 
     </span>
    </p>
   </div>
   <div class='ocr_carea' id='block_1_3' title="bbox 66 951 1354 1068">
    <p class='ocr_par' dir='ltr' id='par_1_3' title="bbox 66 951 1354 1068">
     <span class='ocr_line' id='line_1_5' title="bbox 66 951 1354 1068; baseline -0.009 -27"><span class='ocrx_word' id='word_1_23' title='bbox 66 1021 71 1026; x_wconf 87' lang='lat'>-</span> <span class='ocrx_word' id='word_1_24' title='bbox 139 968 321 1068; x_wconf 87' lang='lat' dir='ltr'><strong>opposita</strong></span> <span class='ocrx_word' id='word_1_25' title='bbox 359 979 417 1044; x_wconf 85' lang='lat' dir='ltr'><strong>est</strong></span> <span class='ocrx_word' id='word_1_26' title='bbox 451 966 583 1068; x_wconf 90' lang='lat' dir='ltr'><strong>planta</strong></span> <span class='ocrx_word' id='word_1_27' title='bbox 622 963 780 1050; x_wconf 88' lang='lat' dir='ltr'><strong>diclina,</strong></span> <span class='ocrx_word' id='word_1_28' title='bbox 830 983 932 1062; x_wconf 87' lang='lat' dir='ltr'><strong>quae</strong></span> <span class='ocrx_word' id='word_1_29' title='bbox 967 957 1012 1032; x_wconf 90' lang='lat' dir='ltr'><strong>iu</strong></span> <span class='ocrx_word' id='word_1_30' title='bbox 1048 951 1164 1030; x_wconf 89' lang='lat' dir='ltr'><strong>variis</strong></span> <span class='ocrx_word' id='word_1_31' title='bbox 1263 1013 1269 1035; x_wconf 47' lang='lat'><em>2</em></span> <span class='ocrx_word' id='word_1_32' title='bbox 1350 975 1354 992; x_wconf 70' lang='lat'>¹</span> 
     </span>
    </p>
   </div>
   <div class='ocr_carea' id='block_1_4' title="bbox 28 1071 1266 4286">
    <p class='ocr_par' dir='ltr' id='par_1_4' title="bbox 137 1071 1015 1177">
     <span class='ocr_line' id='line_1_6' title="bbox 137 1071 1015 1177; baseline -0.01 -22"><span class='ocrx_word' id='word_1_33' title='bbox 137 1079 308 1174; x_wconf 87' lang='lat' dir='ltr'><strong>floribus</strong></span> <span class='ocrx_word' id='word_1_34' title='bbox 335 1095 402 1160; x_wconf 89' lang='lat' dir='ltr'><strong>aut</strong></span> <span class='ocrx_word' id='word_1_35' title='bbox 426 1081 591 1155; x_wconf 88' lang='lat' dir='ltr'><strong>stamina</strong></span> <span class='ocrx_word' id='word_1_36' title='bbox 616 1077 745 1164; x_wconf 86' lang='lat' dir='ltr'><strong>habet,</strong></span> <span class='ocrx_word' id='word_1_37' title='bbox 772 1089 839 1152; x_wconf 89' lang='lat' dir='ltr'><strong>aut</strong></span> <span class='ocrx_word' id='word_1_38' title='bbox 862 1071 1015 1177; x_wconf 93' lang='lat' dir='ltr'><strong>pistilla.</strong></span> 
     </span>
    </p>

    <p class='ocr_par' dir='ltr' id='par_1_5' title="bbox 137 1181 1166 1518">
     <span class='ocr_line' id='line_1_7' title="bbox 193 1181 1166 1296; baseline -0.015 -24"><span class='ocrx_word' id='word_1_39' title='bbox 193 1268 195 1273; x_wconf 80' lang='grc'>,</span> <span class='ocrx_word' id='word_1_40' title='bbox 234 1181 304 1270; x_wconf 87' lang='lat' dir='ltr'><strong>Est</strong></span> <span class='ocrx_word' id='word_1_41' title='bbox 340 1194 552 1271; x_wconf 87' lang='lat' dir='ltr'><strong>discrimen</strong></span> <span class='ocrx_word' id='word_1_42' title='bbox 588 1191 695 1296; x_wconf 88' lang='lat' dir='ltr'><strong>inter</strong></span> <span class='ocrx_word' id='word_1_43' title='bbox 724 1189 926 1266; x_wconf 88' lang='lat' dir='ltr'><strong>dicliniam</strong></span> <span class='ocrx_word' id='word_1_44' title='bbox 959 1209 1093 1261; x_wconf 85' lang='lat' dir='ltr'><strong>veram</strong></span> <span class='ocrx_word' id='word_1_45' title='bbox 1126 1197 1166 1259; x_wconf 85' lang='lat' dir='ltr'><strong>et</strong></span> 
     </span>
     <span class='ocr_line' id='line_1_8' title="bbox 138 1297 1166 1410; baseline -0.013 -27"><span class='ocrx_word' id='word_1_46' title='bbox 138 1309 328 1410; x_wconf 89' lang='lat' dir='ltr'><strong>spuriam.</strong></span> <span class='ocrx_word' id='word_1_47' title='bbox 371 1311 419 1385; x_wconf 92' lang='lat' dir='ltr'><strong>ln</strong></span> <span class='ocrx_word' id='word_1_48' title='bbox 444 1305 602 1382; x_wconf 89' lang='lat' dir='ltr'><strong>diclinia</strong></span> <span class='ocrx_word' id='word_1_49' title='bbox 627 1328 717 1381; x_wconf 81' lang='lat' dir='ltr'><strong>rera</strong></span> <span class='ocrx_word' id='word_1_50' title='bbox 742 1303 863 1381; x_wconf 86' lang='lat' dir='ltr'><strong>flores</strong></span> <span class='ocrx_word' id='word_1_51' title='bbox 887 1297 1067 1377; x_wconf 80' lang='lat' dir='ltr'><strong>staminei</strong></span> <span class='ocrx_word' id='word_1_52' title='bbox 1093 1319 1166 1372; x_wconf 91' lang='lat' dir='ltr'><strong>seu</strong></span> 
     </span>
     <span class='ocr_line' id='line_1_9' title="bbox 137 1413 1163 1518; baseline -0.013 -20"><span class='ocrx_word' id='word_1_53' title='bbox 137 1421 301 1514; x_wconf 87' lang='lat' dir='ltr'><strong>masculi</strong></span> <span class='ocrx_word' id='word_1_54' title='bbox 328 1421 404 1498; x_wconf 91' lang='lat' dir='ltr'><strong>alio</strong></span> <span class='ocrx_word' id='word_1_55' title='bbox 422 1419 550 1496; x_wconf 92' lang='lat' dir='ltr'><strong>modo</strong></span> <span class='ocrx_word' id='word_1_56' title='bbox 577 1420 792 1497; x_wconf 74' lang='lat' dir='ltr'><strong>constructi</strong></span> <span class='ocrx_word' id='word_1_57' title='bbox 811 1431 850 1495; x_wconf 84' lang='lat' dir='ltr'><strong>et</strong></span> <span class='ocrx_word' id='word_1_58' title='bbox 865 1413 1044 1518; x_wconf 91' lang='lat' dir='ltr'><strong>dispositi</strong></span> <span class='ocrx_word' id='word_1_59' title='bbox 1061 1421 1163 1498; x_wconf 81' lang='lat' dir='ltr'><strong>sunt,</strong></span> 
     </span>
    </p>

    <p class='ocr_par' dir='ltr' id='par_1_6' title="bbox 114 1525 1163 1638">
     <span class='ocr_line' id='line_1_10' title="bbox 114 1525 1163 1638; baseline -0.012 -29"><span class='ocrx_word' id='word_1_60' title='bbox 114 1529 181 1609; x_wconf 86' lang='lat' dir='ltr'><strong>¹ac</strong></span> <span class='ocrx_word' id='word_1_61' title='bbox 205 1525 326 1611; x_wconf 90' lang='lat' dir='ltr'><strong>flores</strong></span> <span class='ocrx_word' id='word_1_62' title='bbox 349 1533 573 1638; x_wconf 85' lang='lat' dir='ltr'><strong>pistilliferi,</strong></span> <span class='ocrx_word' id='word_1_63' title='bbox 598 1550 666 1611; x_wconf 87' lang='lat' dir='ltr'><strong>aut</strong></span> <span class='ocrx_word' id='word_1_64' title='bbox 691 1558 736 1610; x_wconf 86' lang='lat' dir='ltr'><strong>ex</strong></span> <span class='ocrx_word' id='word_1_65' title='bbox 761 1532 845 1610; x_wconf 88' lang='lat' dir='ltr'><strong>aliis</strong></span> <span class='ocrx_word' id='word_1_66' title='bbox 870 1527 1038 1630; x_wconf 87' lang='lat' dir='ltr'><strong>gemmis</strong></span> <span class='ocrx_word' id='word_1_67' title='bbox 1070 1549 1163 1627; x_wconf 91' lang='lat' dir='ltr'><strong>pro-</strong></span> 
     </span>
    </p>

    <p class='ocr_par' dir='ltr' id='par_1_7' title="bbox 88 1631 1165 2408">
     <span class='ocr_line' id='line_1_11' title="bbox 136 1631 1165 1748; baseline -0.011 -25"><span class='ocrx_word' id='word_1_68' title='bbox 136 1647 278 1738; x_wconf 87' lang='lat' dir='ltr'><strong>deunt,</strong></span> <span class='ocrx_word' id='word_1_69' title='bbox 321 1664 389 1748; x_wconf 85' lang='lat' dir='ltr'><strong>aut</strong></span> <span class='ocrx_word' id='word_1_70' title='bbox 418 1649 556 1727; x_wconf 90' lang='lat' dir='ltr'><strong>locum</strong></span> <span class='ocrx_word' id='word_1_71' title='bbox 594 1663 747 1723; x_wconf 87' lang='lat' dir='ltr'><strong>certum</strong></span> <span class='ocrx_word' id='word_1_72' title='bbox 778 1662 817 1724; x_wconf 93' lang='lat' dir='ltr'><strong>et</strong></span> <span class='ocrx_word' id='word_1_73' title='bbox 852 1631 1065 1721; x_wconf 88' lang='lat' dir='ltr'><strong>definitum</strong></span> <span class='ocrx_word' id='word_1_74' title='bbox 1094 1638 1165 1714; x_wconf 87' lang='lat' dir='ltr'><strong>ha</strong></span> 
     </span>
     <span class='ocr_line' id='line_1_12' title="bbox 134 1754 1163 1860; baseline -0.009 -24"><span class='ocrx_word' id='word_1_75' title='bbox 134 1759 241 1836; x_wconf 84' lang='lat' dir='ltr'><strong>bent</strong></span> <span class='ocrx_word' id='word_1_76' title='bbox 298 1763 403 1839; x_wconf 87' lang='lat' dir='ltr'><strong>Sic</strong></span> <span class='ocrx_word' id='word_1_77' title='bbox 391 1788 435 1838; x_wconf 91' lang='lat' dir='ltr'><strong>m</strong></span> <span class='ocrx_word' id='word_1_78' title='bbox 467 1763 600 1842; x_wconf 89' lang='lat' dir='ltr'><strong>Urtica</strong></span> <span class='ocrx_word' id='word_1_79' title='bbox 631 1761 738 1860; x_wconf 85' lang='lat' dir='ltr'><strong>calyx</strong></span> <span class='ocrx_word' id='word_1_80' title='bbox 766 1758 878 1836; x_wconf 89' lang='lat' dir='ltr'><strong>floris</strong></span> <span class='ocrx_word' id='word_1_81' title='bbox 909 1754 1076 1838; x_wconf 85' lang='lat' dir='ltr'><strong>masculi</strong></span> <span class='ocrx_word' id='word_1_82' title='bbox 1106 1767 1163 1827; x_wconf 86' lang='lat' dir='ltr'><strong>te</strong></span> 
     </span>
     <span class='ocr_line' id='line_1_13' title="bbox 135 1872 1163 1977; baseline -0.009 -27"><span class='ocrx_word' id='word_1_83' title='bbox 135 1875 353 1977; x_wconf 88' lang='lat' dir='ltr'><strong>traphyllus</strong></span> <span class='ocrx_word' id='word_1_84' title='bbox 372 1891 437 1963; x_wconf 85' lang='lat' dir='ltr'><strong>est,</strong></span> <span class='ocrx_word' id='word_1_85' title='bbox 453 1875 617 1953; x_wconf 89' lang='lat' dir='ltr'><strong>feminei</strong></span> <span class='ocrx_word' id='word_1_86' title='bbox 635 1872 900 1976; x_wconf 88' lang='lat' dir='ltr'><strong>diphyllus,</strong></span> <span class='ocrx_word' id='word_1_87' title='bbox 871 1873 983 1949; x_wconf 79' lang='lat' dir='ltr'><strong>sicin</strong></span> <span class='ocrx_word' id='word_1_88' title='bbox 1002 1875 1163 1965; x_wconf 89' lang='lat' dir='ltr'><strong>Quercu</strong></span> 
     </span>
     <span class='ocr_line' id='line_1_14' title="bbox 134 1983 1162 2076; baseline -0.01 -12"><span class='ocrx_word' id='word_1_89' title='bbox 134 1987 256 2064; x_wconf 87' lang='lat' dir='ltr'><strong>flores</strong></span> <span class='ocrx_word' id='word_1_90' title='bbox 280 1989 445 2066; x_wconf 89' lang='lat' dir='ltr'><strong>masculi</strong></span> <span class='ocrx_word' id='word_1_91' title='bbox 463 2005 668 2068; x_wconf 90' lang='lat' dir='ltr'><strong>amentum</strong></span> <span class='ocrx_word' id='word_1_92' title='bbox 684 1988 869 2076; x_wconf 84' lang='lat' dir='ltr'><strong>formant,</strong></span> <span class='ocrx_word' id='word_1_93' title='bbox 892 1983 1055 2062; x_wconf 86' lang='lat' dir='ltr'><strong>feminei</strong></span> <span class='ocrx_word' id='word_1_94' title='bbox 1077 1990 1162 2058; x_wconf 87' lang='lat' dir='ltr'><strong>non</strong></span> 
     </span>
     <span class='ocr_line' id='line_1_15' title="bbox 134 2095 1162 2200; baseline -0.008 -22"><span class='ocrx_word' id='word_1_95' title='bbox 134 2103 203 2191; x_wconf 88' lang='lat' dir='ltr'><strong>ita,</strong></span> <span class='ocrx_word' id='word_1_96' title='bbox 245 2104 301 2179; x_wconf 90' lang='lat' dir='ltr'><strong>sic</strong></span> <span class='ocrx_word' id='word_1_97' title='bbox 336 2105 380 2180; x_wconf 91' lang='lat' dir='ltr'><strong>in</strong></span> <span class='ocrx_word' id='word_1_98' title='bbox 419 2103 557 2182; x_wconf 87' lang='lat' dir='ltr'><strong>Betula</strong></span> <span class='ocrx_word' id='word_1_99' title='bbox 586 2104 707 2180; x_wconf 88' lang='lat' dir='ltr'><strong>flores</strong></span> <span class='ocrx_word' id='word_1_100' title='bbox 742 2100 908 2178; x_wconf 92' lang='lat' dir='ltr'><strong>masculi</strong></span> <span class='ocrx_word' id='word_1_101' title='bbox 942 2124 964 2176; x_wconf 88' lang='lat' dir='ltr'><strong>e</strong></span> <span class='ocrx_word' id='word_1_102' title='bbox 996 2095 1162 2200; x_wconf 87' lang='lat' dir='ltr'><strong>gemmis</strong></span> 
     </span>
     <span class='ocr_line' id='line_1_16' title="bbox 88 2214 1163 2318; baseline -0.007 -25"><span class='ocrx_word' id='word_1_103' title='bbox 88 2242 91 2247; x_wconf 72' lang='grc'>’</span> <span class='ocrx_word' id='word_1_104' title='bbox 134 2215 340 2318; x_wconf 87' lang='lat' dir='ltr'><strong>prodeunt</strong></span> <span class='ocrx_word' id='word_1_105' title='bbox 368 2215 553 2294; x_wconf 84' lang='lat' dir='ltr'><strong>floriferis</strong></span> <span class='ocrx_word' id='word_1_106' title='bbox 581 2230 759 2308; x_wconf 85' lang='lat' dir='ltr'><strong>tantum,</strong></span> <span class='ocrx_word' id='word_1_107' title='bbox 799 2214 961 2294; x_wconf 86' lang='lat' dir='ltr'><strong>feminei</strong></span> <span class='ocrx_word' id='word_1_108' title='bbox 994 2239 1016 2290; x_wconf 88' lang='lat' dir='ltr'><strong>e</strong></span> <span class='ocrx_word' id='word_1_109' title='bbox 1055 2235 1163 2311; x_wconf 73' lang='lat' dir='ltr'><strong>gem-</strong></span> 
     </span>
     <span class='ocr_line' id='line_1_17' title="bbox 116 2325 637 2408; baseline -0.002 -2"><span class='ocrx_word' id='word_1_110' title='bbox 116 2325 213 2407; x_wconf 90' lang='lat' dir='ltr'><strong>mis</strong></span> <span class='ocrx_word' id='word_1_111' title='bbox 237 2329 541 2408; x_wconf 82' lang='lat' dir='ltr'><strong>flori-foliiferis</strong></span> <span class='ocrx_word' id='word_1_112' title='bbox 567 2346 637 2408; x_wconf 87' lang='lat' dir='ltr'><strong>etc.</strong></span> 
     </span>
    </p>

    <p class='ocr_par' dir='ltr' id='par_1_8' title="bbox 28 2435 1251 3453">
     <span class='ocr_line' id='line_1_18' title="bbox 232 2435 1161 2549; baseline -0.005 -28"><span class='ocrx_word' id='word_1_113' title='bbox 232 2445 446 2522; x_wconf 90' lang='lat' dir='ltr'><strong>Dicliniam</strong></span> <span class='ocrx_word' id='word_1_114' title='bbox 478 2447 655 2549; x_wconf 89' lang='lat' dir='ltr'><strong>spuriam</strong></span> <span class='ocrx_word' id='word_1_115' title='bbox 686 2470 810 2532; x_wconf 84' lang='lat' dir='ltr'><strong>voco,</strong></span> <span class='ocrx_word' id='word_1_116' title='bbox 848 2445 879 2519; x_wconf 88' lang='lat' dir='ltr'><strong>si</strong></span> <span class='ocrx_word' id='word_1_117' title='bbox 917 2435 1038 2519; x_wconf 81' lang='lat' dir='ltr'><strong>flores</strong></span> <span class='ocrx_word' id='word_1_118' title='bbox 1076 2465 1161 2518; x_wconf 91' lang='lat' dir='ltr'><strong>non</strong></span> 
     </span>
     <span class='ocr_line' id='line_1_19' title="bbox 135 2552 1163 2661; baseline -0.004 -27"><span class='ocrx_word' id='word_1_119' title='bbox 135 2553 211 2636; x_wconf 86' lang='lat' dir='ltr'><strong>nisi</strong></span> <span class='ocrx_word' id='word_1_120' title='bbox 244 2557 401 2637; x_wconf 86' lang='lat' dir='ltr'><strong>defectu</strong></span> <span class='ocrx_word' id='word_1_121' title='bbox 432 2562 648 2636; x_wconf 87' lang='lat' dir='ltr'><strong>staminum</strong></span> <span class='ocrx_word' id='word_1_122' title='bbox 679 2574 747 2635; x_wconf 91' lang='lat' dir='ltr'><strong>aut</strong></span> <span class='ocrx_word' id='word_1_123' title='bbox 775 2559 1015 2661; x_wconf 89' lang='lat' dir='ltr'><strong>pistillorum</strong></span> <span class='ocrx_word' id='word_1_124' title='bbox 1049 2552 1163 2631; x_wconf 89' lang='lat' dir='ltr'><strong>diffe-</strong></span> 
     </span>
     <span class='ocr_line' id='line_1_20' title="bbox 136 2670 1163 2774; baseline -0.007 -25"><span class='ocrx_word' id='word_1_125' title='bbox 136 2687 240 2749; x_wconf 84' lang='lat' dir='ltr'><strong>runt</strong></span> <span class='ocrx_word' id='word_1_126' title='bbox 291 2674 355 2749; x_wconf 87' lang='lat' dir='ltr'><strong>Sic</strong></span> <span class='ocrx_word' id='word_1_127' title='bbox 379 2673 421 2749; x_wconf 92' lang='lat' dir='ltr'><strong>in</strong></span> <span class='ocrx_word' id='word_1_128' title='bbox 445 2675 613 2762; x_wconf 87' lang='lat' dir='ltr'><strong>Palmis,·</strong></span> <span class='ocrx_word' id='word_1_129' title='bbox 643 2673 932 2774; x_wconf 89' lang='lat' dir='ltr'><strong>Chamaerope,</strong></span> <span class='ocrx_word' id='word_1_130' title='bbox 961 2670 1163 2762; x_wconf 77' lang='lat' dir='ltr'><strong>Phoenice</strong></span> 
     </span>
     <span class='ocr_line' id='line_1_21' title="bbox 137 2785 1162 2864; baseline -0.003 -3"><span class='ocrx_word' id='word_1_131' title='bbox 137 2788 297 2864; x_wconf 89' lang='lat' dir='ltr'><strong>nullum</strong></span> <span class='ocrx_word' id='word_1_132' title='bbox 334 2787 443 2863; x_wconf 90' lang='lat' dir='ltr'><strong>aliud</strong></span> <span class='ocrx_word' id='word_1_133' title='bbox 482 2788 694 2864; x_wconf 86' lang='lat' dir='ltr'><strong>discrimen</strong></span> <span class='ocrx_word' id='word_1_134' title='bbox 723 2788 827 2863; x_wconf 88' lang='lat' dir='ltr'><strong>inter</strong></span> <span class='ocrx_word' id='word_1_135' title='bbox 858 2785 978 2862; x_wconf 88' lang='lat' dir='ltr'><strong>flores</strong></span> <span class='ocrx_word' id='word_1_136' title='bbox 1008 2790 1162 2859; x_wconf 78' lang='lat' dir='ltr'><strong>maaca-¹</strong></span> 
     </span>
     <span class='ocr_line' id='line_1_22' title="bbox 28 2895 1162 3001; baseline -0.005 -25"><span class='ocrx_word' id='word_1_137' title='bbox 28 2933 32 2940; x_wconf 94' lang='lat'><em>·</em></span> <span class='ocrx_word' id='word_1_138' title='bbox 137 2900 199 2978; x_wconf 91' lang='lat' dir='ltr'><strong>los</strong></span> <span class='ocrx_word' id='word_1_139' title='bbox 232 2899 512 2990; x_wconf 82' lang='lat' dir='ltr'><strong>et&#39;femineos,</strong></span> <span class='ocrx_word' id='word_1_140' title='bbox 550 2903 676 2978; x_wconf 89' lang='lat' dir='ltr'><strong>sicin</strong></span> <span class='ocrx_word' id='word_1_141' title='bbox 718 2899 990 3001; x_wconf 72' lang='lat' dir='ltr'><strong>CyperoideiS,</strong></span> <span class='ocrx_word' id='word_1_142' title='bbox 1027 2897 1083 2972; x_wconf 92' lang='lat' dir='ltr'><strong>sic</strong></span> <span class='ocrx_word' id='word_1_143' title='bbox 1118 2895 1162 2971; x_wconf 93' lang='lat' dir='ltr'><strong>in</strong></span> 
     </span>
     <span class='ocr_line' id='line_1_23' title="bbox 137 3012 1164 3117; baseline -0.005 -27"><span class='ocrx_word' id='word_1_144' title='bbox 137 3015 454 3112; x_wconf 80' lang='lat' dir='ltr'><strong>¹Amaranthaceis</strong></span> <span class='ocrx_word' id='word_1_145' title='bbox 483 3016 700 3117; x_wconf 87' lang='lat' dir='ltr'><strong>multisque</strong></span> <span class='ocrx_word' id='word_1_146' title='bbox 730 3014 814 3091; x_wconf 89' lang='lat' dir='ltr'><strong>aliis</strong></span> <span class='ocrx_word' id='word_1_147' title='bbox 850 3012 958 3090; x_wconf 88' lang='lat' dir='ltr'><strong>nulla</strong></span> <span class='ocrx_word' id='word_1_148' title='bbox 996 3012 1069 3088; x_wconf 90' lang='lat' dir='ltr'><strong>alia</strong></span> <span class='ocrx_word' id='word_1_149' title='bbox 1107 3022 1164 3085; x_wconf 86' lang='lat' dir='ltr'><strong>est</strong></span> 
     </span>
     <span class='ocr_line' id='line_1_24' title="bbox 108 3124 1251 3231; baseline -0.001 -33"><span class='ocrx_word' id='word_1_150' title='bbox 108 3129 371 3206; x_wconf 73' lang='lat' dir='ltr'><strong>,differentia</strong></span> <span class='ocrx_word' id='word_1_151' title='bbox 407 3133 472 3206; x_wconf 86' lang='lat' dir='ltr'><strong>&#39;ln</strong></span> <span class='ocrx_word' id='word_1_152' title='bbox 501 3131 565 3205; x_wconf 92' lang='lat' dir='ltr'><strong>his</strong></span> <span class='ocrx_word' id='word_1_153' title='bbox 597 3129 823 3231; x_wconf 79' lang='lat' dir='ltr'><strong>saepissime</strong></span> <span class='ocrx_word' id='word_1_154' title='bbox 854 3127 1018 3230; x_wconf 85' lang='lat' dir='ltr'><strong>¹quoque</strong></span> <span class='ocrx_word' id='word_1_155' title='bbox 1042 3124 1163 3201; x_wconf 85' lang='lat' dir='ltr'><strong>flores</strong></span> <span class='ocrx_word' id='word_1_156' title='bbox 1246 3130 1251 3139; x_wconf 80' lang='grc'><em>“</em></span> 
     </span>
     <span class='ocr_line' id='line_1_25' title="bbox 135 3237 1164 3346; baseline -0.005 -27"><span class='ocrx_word' id='word_1_157' title='bbox 135 3237 453 3346; x_wconf 88' lang='lat' dir='ltr'><strong>hermaphroditi</strong></span> <span class='ocrx_word' id='word_1_158' title='bbox 477 3265 479 3274; x_wconf 65' lang='lat'><strong>¹</strong></span> <span class='ocrx_word' id='word_1_159' title='bbox 500 3245 605 3322; x_wconf 86' lang='lat' dir='ltr'><strong>inter</strong></span> <span class='ocrx_word' id='word_1_160' title='bbox 649 3243 848 3320; x_wconf 88' lang='lat' dir='ltr'><strong>masculos</strong></span> <span class='ocrx_word' id='word_1_161' title='bbox 887 3237 1164 3341; x_wconf 82' lang='lat' dir='ltr'><strong>femineosque</strong></span> 
     </span>
     <span class='ocr_line' id='line_1_26' title="bbox 89 3352 853 3453; baseline -0.008 -19"><span class='ocrx_word' id='word_1_162' title='bbox 89 3375 93 3383; x_wconf 70' lang='grc'><strong>“</strong></span> <span class='ocrx_word' id='word_1_163' title='bbox 137 3361 386 3453; x_wconf 83' lang='lat' dir='ltr'><strong>enascuntur.</strong></span> <span class='ocrx_word' id='word_1_164' title='bbox 850 3352 853 3359; x_wconf 82' lang='grc'><strong>’</strong></span> 
     </span>
    </p>

    <p class='ocr_par' dir='ltr' id='par_1_9' title="bbox 61 3465 1233 3800">
     <span class='ocr_line' id='line_1_27' title="bbox 236 3465 1163 3576; baseline -0.005 -28"><span class='ocrx_word' id='word_1_165' title='bbox 236 3476 345 3576; x_wconf 79' lang='lat' dir='ltr'><strong>Sunt</strong></span> <span class='ocrx_word' id='word_1_166' title='bbox 361 3470 482 3547; x_wconf 88' lang='lat' dir='ltr'><strong>flores</strong></span> <span class='ocrx_word' id='word_1_167' title='bbox 507 3472 689 3561; x_wconf 82' lang='lat' dir='ltr'><strong>masculi,</strong></span> <span class='ocrx_word' id='word_1_168' title='bbox 720 3472 763 3548; x_wconf 91' lang='lat' dir='ltr'><strong>in</strong></span> <span class='ocrx_word' id='word_1_169' title='bbox 789 3465 934 3572; x_wconf 86' lang='lat' dir='ltr'><strong>quibus</strong></span> <span class='ocrx_word' id='word_1_170' title='bbox 957 3469 1163 3546; x_wconf 87' lang='lat' dir='ltr'><strong>rudimen-</strong></span> 
     </span>
     <span class='ocr_line' id='line_1_28' title="bbox 136 3583 1233 3688; baseline 0.001 -29"><span class='ocrx_word' id='word_1_171' title='bbox 136 3597 227 3660; x_wconf 92' lang='lat' dir='ltr'><strong>tum</strong></span> <span class='ocrx_word' id='word_1_172' title='bbox 256 3585 444 3683; x_wconf 84' lang='lat' dir='ltr'><strong>germinis</strong></span> <span class='ocrx_word' id='word_1_173' title='bbox 470 3584 594 3674; x_wconf 86' lang='lat' dir='ltr'><strong>adest,</strong></span> <span class='ocrx_word' id='word_1_174' title='bbox 619 3610 650 3662; x_wconf 92' lang='lat' dir='ltr'><strong>e.</strong></span> <span class='ocrx_word' id='word_1_175' title='bbox 675 3609 709 3686; x_wconf 85' lang='lat' dir='ltr'><strong>g.</strong></span> <span class='ocrx_word' id='word_1_176' title='bbox 733 3587 778 3662; x_wconf 90' lang='lat' dir='ltr'><strong>in</strong></span> <span class='ocrx_word' id='word_1_177' title='bbox 803 3585 934 3664; x_wconf 90' lang='lat' dir='ltr'><strong>Urtica</strong></span> <span class='ocrx_word' id='word_1_178' title='bbox 960 3583 1073 3688; x_wconf 92' lang='lat' dir='ltr'><strong>quod</strong></span> <span class='ocrx_word' id='word_1_179' title='bbox 1096 3609 1163 3688; x_wconf 94' lang='lat' dir='ltr'><strong>pa·</strong></span> <span class='ocrx_word' id='word_1_180' title='bbox 1230 3667 1233 3675; x_wconf 62' lang='grc'><em>,</em></span> 
     </span>
     <span class='ocr_line' id='line_1_29' title="bbox 61 3688 1067 3800; baseline -0.006 -20"><span class='ocrx_word' id='word_1_181' title='bbox 61 3709 90 3780; x_wconf 87' lang='grc'><strong>’,</strong></span> <span class='ocrx_word' id='word_1_182' title='bbox 137 3701 360 3800; x_wconf 85' lang='lat' dir='ltr'><strong>racarpium</strong></span> <span class='ocrx_word' id='word_1_183' title='bbox 385 3698 563 3774; x_wconf 85' lang='lat' dir='ltr'><strong>dixerim.</strong></span> <span class='ocrx_word' id='word_1_184' title='bbox 1063 3688 1067 3696; x_wconf 46' lang='lat'><strong>¹</strong></span> 
     </span>
    </p>

    <p class='ocr_par' dir='ltr' id='par_1_10' title="bbox 139 3810 1266 4261">
     <span class='ocr_line' id='line_1_30' title="bbox 234 3810 1266 3917; baseline -0.005 -27"><span class='ocrx_word' id='word_1_185' title='bbox 234 3812 369 3890; x_wconf 79' lang='lat' dir='ltr'><strong>Planta</strong></span> <span class='ocrx_word' id='word_1_186' title='bbox 399 3815 589 3892; x_wconf 86' lang='lat' dir='ltr'><strong>monoica&#39;</strong></span> <span class='ocrx_word' id='word_1_187' title='bbox 620 3814 665 3890; x_wconf 89' lang='lat' dir='ltr'><strong>in·</strong></span> <span class='ocrx_word' id='word_1_188' title='bbox 695 3813 835 3894; x_wconf 81' lang='lat' dir='ltr'><strong>eadem</strong></span> <span class='ocrx_word' id='word_1_189' title='bbox 864 3815 985 3917; x_wconf 87' lang='lat' dir='ltr'><strong>stirpe</strong></span> <span class='ocrx_word' id='word_1_190' title='bbox 1014 3810 1166 3915; x_wconf 84' lang='lat' dir='ltr'><strong>profert</strong></span> <span class='ocrx_word' id='word_1_191' title='bbox 1257 3821 1266 3857; x_wconf 70' lang='lat'>³</span> 
     </span>
     <span class='ocr_line' id='line_1_31' title="bbox 139 3923 1165 4032; baseline -0.004 -28"><span class='ocrx_word' id='word_1_192' title='bbox 139 3927 259 4007; x_wconf 85' lang='lat' dir='ltr'><strong>flores</strong></span> <span class='ocrx_word' id='word_1_193' title='bbox 289 3927 487 4005; x_wconf 86' lang='lat' dir='ltr'><strong>masculos</strong></span> <span class='ocrx_word' id='word_1_194' title='bbox 518 3942 557 4004; x_wconf 86' lang='lat' dir='ltr'><strong>et</strong></span> <span class='ocrx_word' id='word_1_195' title='bbox 578 3923 789 4016; x_wconf 82' lang='lat' dir='ltr'><strong>femineos,</strong></span> <span class='ocrx_word' id='word_1_196' title='bbox 812 3928 944 4032; x_wconf 86' lang='lat' dir='ltr'><strong>planta</strong></span> <span class='ocrx_word' id='word_1_197' title='bbox 969 3925 1132 4006; x_wconf 86' lang='lat' dir='ltr'><strong>dioica</strong></span> <span class='ocrx_word' id='word_1_198' title='bbox 1121 3948 1165 4000; x_wconf 91' lang='lat' dir='ltr'><strong>m</strong></span> 
     </span>
     <span class='ocr_line' id='line_1_32' title="bbox 140 4029 1165 4146; baseline -0.002 -29"><span class='ocrx_word' id='word_1_199' title='bbox 140 4029 302 4118; x_wconf 87' lang='lat' dir='ltr'><strong>diversis</strong></span> <span class='ocrx_word' id='word_1_200' title='bbox 342 4041 537 4146; x_wconf 85' lang='lat' dir='ltr'><strong>stirpibus.</strong></span> <span class='ocrx_word' id='word_1_201' title='bbox 603 4049 696 4121; x_wconf 86' lang='lat' dir='ltr'><strong>Pars</strong></span> <span class='ocrx_word' id='word_1_202' title='bbox 734 4041 961 4142; x_wconf 81' lang='lat' dir='ltr'><strong>androgyna</strong></span> <span class='ocrx_word' id='word_1_203' title='bbox 993 4054 1165 4127; x_wconf 87' lang='lat' dir='ltr'><strong>vocatur,</strong></span> 
     </span>
     <span class='ocr_line' id='line_1_33' title="bbox 141 4138 1095 4286; baseline -0.001 -53"><span class='ocrx_word' id='word_1_204' title='bbox 141 4181 244 4261; x_wconf 87' lang='lat' dir='ltr'><strong>quae</strong></span> <span class='ocrx_word' id='word_1_205' title='bbox 268 4155 389 4234; x_wconf 86' lang='lat' dir='ltr'><strong>flores</strong></span> <span class='ocrx_word' id='word_1_206' title='bbox 412 4155 612 4286; x_wconf 83' lang='lat' dir='ltr'><strong>masculos</strong></span> <span class='ocrx_word' id='word_1_207' title='bbox 637 4171 675 4234; x_wconf 87' lang='lat' dir='ltr'><strong>et</strong></span> <span class='ocrx_word' id='word_1_208' title='bbox 698 4156 895 4234; x_wconf 85' lang='lat' dir='ltr'><strong>femineos</strong></span> <span class='ocrx_word' id='word_1_209' title='bbox 919 4138 1095 4258; x_wconf 76' lang='lat' dir='ltr'><strong>profert</strong></span> 
     </span>
    </p>
   </div>
   <div class='ocr_carea' id='block_1_5' title="bbox 0 0 1423 4878">
    <p class='ocr_par' dir='ltr' id='par_1_11' title="bbox 0 0 1423 4878">
     <span class='ocr_line' id='line_1_34' title="bbox 0 0 1423 4878; baseline 0 0"><span class='ocrx_word' id='word_1_210' title='bbox 0 0 1423 4878; x_wconf 95' lang='lat' dir='ltr'><strong> </strong></span> 
     </span>
    </p>
   </div>
  </div>
 </body>
</html>
