2748 4866
322 326 395 404 tot
604 329 1058 418 PHY'POTROPIA.

311 943 395 964 ..
502 951 507 958 .
760 835 899 967 XV.

348 1189 352 1198 ,
487 1015 1166 1182 rnrrornormss

324 1468 424 1560 236.
473 1418 787 1703 dlzlytotropio
819 1483 893 1566 est
924 1458 1004 1610 ars
1025 1473 1218 1592 plantas
1235 1495 1301 1557 mu·

382 1621 470 1702 tan
509 1611 520 1632 ⁸

418 1782 674 1886 Phytotropia
707 1783 894 1862 nondum
925 1782 976 1860 ad
1000 1783 1203 1860 scientiam
1226 1799 1301 1881 pecu·

322 1893 461 1972 liarem
493 1923 514 1973 a
546 1899 708 2000 reliquis
734 1899 928 1975 diversam
954 1911 1086 1974 evecta
1113 1911 1186 1984 est,
1209 1914 1300 1995 quan·

320 2007 380 2083 vis
412 2008 640 2108 dignissima
673 2014 739 2103 sit,
765 2036 867 2116 qnae
892 2010 1076 2089 adhunc
1102 2011 1233 2087 locum
1252 2026 1301 2080 eve·

321 2118 448 2198 hatur.

224 2321 231 2348 ι
417 2240 604 2316 Botanica
644 2239 857 2343 applicata‚'
898 2265 1020 2342 quam
1060 2251 1216 2325 vocant,
1248 2249 1299 2308 tun

323 2353 881 2442 Oeconomia,flortic1ntura
908 2367 976 2429 ete
1001 2353 1148 2429 multas
1173 2348 1299 2429 offena

321 2463 615 2542 observationes
647 2466 728 2542 huc
751 2467 1000 2569 pertinentes.
1050 2470 1101 2544 At
1125 2461 1298 2544 secundun

320 2573 422 2654 fines
453 2580 639 2682 speciales
671 2579 831 2658 easdem
863 2596 1133 2683 componunt,
1170 2593 1205 2656 et
1226 2593 1299 2673 gene·

319 2691 443 2771 ralem
469 2694 829 2771 considerationem
853 2720 882 2770 s
906 2695 1104 2772 theoriam
1120 2692 1292 2791 negligunt

416 2809 641 2912 Loquimur
669 2822 825 2885 tantum
856 2807 917 2885 de·
938 2809 1094 2912 plantae
1127 2808 1226 2883 vivae
1246 2819 1298 2875 nu·

320 2921 486 3012 tatione,
527 2948 621 2999 nam
662 2923 817 3025 plantae
856 2937 1040 3000 mortuae
1079 2918 1238 2998 mutatio
1272 2904 1298 2984 ad

321 3037 530 3114 Cheiniam
556 3052 595 3114 et
616 3038 825 3136 Physicam
848 3037 1027 3138 pertinet
1227 3133 1232 3144 ,
1272 3123 1275 3132 ,

415 3151 489 3226 Ars
525 3151 693 3238 morbos
729 3151 953 3253 plantarum
990 3146 1154 3225 sanandi
1196 3133 1297 3248 praeci·

317 3287 448 3364 puum
473 3264 549 3340 sibi
573 3266 745 3342 vindicat
768 3265 908 3341 locum
930 3264 973 3340 in
996 3258 1246 3365 phytotropia.

319 3508 421 3600 937.
482 3461 584 3598 Ant
610 3511 830 3624 formam·
856 3520 1054 3597 mutare
1086 3469 1296 3595 stademus

379 3659 466 3738 ant
496 3650 762 3769 qualitatem,
794 3659 906 3736 tum
938 3658 1024 3736 aut
1053 3661 1189 3735 totam
1211 3641 1253 3759 pl
1286 3676 1295 3688 ·

380 3800 492 3891 tom,
525 3799 610 3876 aut
635 3805 792 3907 portes
822 3791 1029 3907 szizgulas.

259 4003 263 4011 ·
412 3959 460 4033 In
497 3954 767 4035 Horticultura
803 3955 979 4033 formam
1013 3968 1167 4032 mutare
1202 3935 1294 4022 stude·

278 4079 280 4086 '
315 4093 424 4158 mus,
449 4067 550 4146 dum
575 4073 736 4149 arbores
760 4069 983 4174 producere
1004 4081 1195 4148 tentamus
1209 4068 1292 4228 nanti

1251 4183 1283 4239 au
