2836 4878
442 387 447 394 '
508 368 794 447 FRUCTUS.
1090 373 1165 450 323

170 567 189 625 ³³
209 595 212 604 ’
234 563 376 661 Valvas
399 567 610 672 pericarpii
641 591 725 644 esse
754 565 850 644 folia
884 589 970 643 non
1011 569 1166 648 dubito.

140 683 332 760 Videmus
362 697 594 760 monstroso
627 679 784 760 adiectu
803 683 966 760 mutari
997 683 1040 758 in
1070 684 1165 762 solia

31 789 35 794 ⁴
141 801 265 897 (Petit
288 799 472 875 Thouars
497 801 631 873 lourn.
658 795 694 890 d.
720 797 832 895 Phys.
867 801 912 872 Τ.
936 801 995 874 89.
1020 825 1056 899 p.
1082 803 1164 876 385.
1200 819 1203 824 ·

139 913 360 990 Dutrochet
394 912 490 988 ibid.
530 916 574 988 Τ.
603 914 662 986 85.
695 937 732 1010 p.
758 915 839 987 469.
866 915 910 987 Τ.
934 914 992 986 99.
1018 939 1056 1014 p.
1081 917 1164 990 398.

140 1015 329 1130 aliique),
362 1041 401 1102 et
431 1025 687 1102 alternantem
719 1025 840 1100 situm
872 1048 965 1100 cum
990 1027 1165 1102 stamini-

137 1141 231 1230 bus,
265 1143 334 1244 qui
365 1137 471 1218 foliis
503 1137 689 1241 proprius
723 1152 781 1215 est
806 1140 886 1236 (86.
895 1137 922 1236 ).
970 1143 1166 1218 Excrescit

137 1278 303 1358 quoque
334 1270 465 1332 cortex
497 1253 665 1329 exterior
695 1253 738 1328 in
763 1251 909 1328 solium
934 1253 977 1328 in
1002 1258 1163 1331 samaris

136 1373 354 1446 Gaertnero
397 1367 510 1444 dictis
550 1366 721 1454 Fraxini,
762 1367 894 1444 Aceris
936 1381 1006 1444 etc.
1062 1371 1164 1448 Hinc

135 1484 292 1587 Turpin
319 1485 416 1580 (Ess.
443 1481 558 1557 d'une
584 1479 889 1582 Iconographie)
915 1507 1072 1585 semper
1103 1481 1165 1561 lo-v

132 1595 184 1673 lia
227 1598 387 1672 orarina
427 1608 545 1670 vocat
581 1591 758 1690 (feuilles
792 1595 1058 1694 ovarieunes).
1116 1601 1164 1674 At

133 1709 417 1814 pensitandum
442 1730 525 1784 esse
550 1707 645 1786 lolia
669 1701 858 1796 virtualia,
882 1731 955 1785 nec
980 1709 1162 1798 actualia3

134 1827 281 1902 habere
321 1837 503 1898 naturam
534 1825 685 1910 nisum,
717 1820 845 1898 valvas
881 1823 1085 1926 pericarpii
1119 1825 1161 1900 in

133 1927 231 2016 folia
265 1935 500 2039 explicandi,
534 1937 603 2012 sed
636 1959 720 2012 non
752 1957 909 2036 semper
938 1936 989 2014 ad
1013 1953 1161 2015 tantam

135 2041 435 2154 eiplicationem
475 2052 706 2153 pertingere.
771 2052 821 2126 Et
861 2049 957 2127 solia
997 2052 1080 2154 ipsa
1117 2055 1180 2134 in.

134 2180 237 2242 statu
268 2165 502 2267 imperfecto
534 2177 572 2241 et
601 2165 743 2238 minus·
761 2161 949 2264 explicato
974 2165 1159 2266 pyxidem

135 2279 246 2380 quasi
270 2277 447 2354 lomuaut
472 2279 625 2354 caulem
643 2277 873 2375 cingentem,
891 2279 1003 2380 quod
1018 2273 1164 2358 ‘in‘cas

134 2394 307 2480 suarina,
331 2393 521 2493 Equiseto‘
543 2405 614 2467 etc.
632 2387 838 2467 observare
856 2392 954 2468 licet
1002 2396 1160 2470 Transit

133 2509 256 2604 igitur
278 2506 329 2582 ad
344 2504 735 2582 indolemioliorum
758 2505 968 2606 peridium,
995 2520 1034 2581 et
1056 2499 1158 2583 ultra

132 2623 260 2722 ipsam
300 2619 481 2722 procedit
520 2619 563 2694 in
604 2619 824 2716 lignositate
865 2620 992 2718 magis
1037 2634 1158 2696 aucta.

132 2734 326 2813 Videmus
353 2757 398 2808 ex
419 2720 649 2833 pericarpio,
674 2755 796 2834 quam
821 2733 961 2808 similis
985 2734 1035 2808 sit
1058 2747 1159 2808 stru·

134 2863 243 2924 ctum
275 2845 468 2924 foliorum
500 2859 716 2922 structurae
746 2837 859 2943 ligni,
885 2860 924 2921 et
948 2845 1158 2922 adfirmare

133 2963 251 3038 licere
276 2974 411 3036 contra
430 2961 708 3036 'Thouarsium
733 2959 868 3059 potius
893 2958 987 3035 folia
1013 2981 1158 3036 aceres*

134 3097 222 3152 cere
263 3074 364 3151 cauli
405 3073 506 3150 dum
543 3073 794 3159 incrassatur,
837 3096 958 3173 quam
998 3073 1157 3148 radices

134 3194 242 3266 Tum
273 3211 438 3294 quoque
468 3187 668 3275 videmus,
698 3185 885 3262 facillime
910 3184 1063 3261 caulem
1088 3207 1164 3259 seu·

133 3301 216 3402 ejus
240 3315 369 3403 partes
391 3325 552 3378 ramum
578 3314 616 3377 et
639 3299 913 3402 pedunculum
931 3299 972 3372 in
995 3320 1158 3396 genuen

130 3415 306 3491 inferum
330 3415 493 3502 mutari,
519 3440 593 3493 nec
619 3439 722 3515 opus
746 3437 831 3490 esse
856 3412 985 3510 calyce
1016 3409 1159 3486 adhae-

130 3541 240 3605 rente
266 3527 377 3628 quasi
404 3527 622 3611 auxiliante
1002 3550 1007 3562 ·
1230 3517 1233 3528 ’

227 3641 371 3720 Valvae
387 3667 478 3718 cum
497 3644 603 3742 stylis
625 3665 740 3743 saepe
757 3663 842 3716 non
866 3638 1065 3724 alternant
1090 3633 1164 3732 secl

131 3756 227 3862 ipsis
252 3758 456 3858 appositae
474 3769 575 3845 sunt,
598 3757 650 3832 ita
667 3770 713 3831 ut
729 3754 851 3851 stylus
867 3771 983 3852 saepe
999 3751 1048 3826 sit
1065 3771 1160 3881 apex

131 3869 263 3945 valvae¹
302 3871 532 3970 productus.
596 3870 636 3946 Si
674 3867 800 3966 stylus
834 3865 932 3968 apici
972 3861 1167 3976 germinis

130 3985 342 4060 immersus
368 3999 442 4074 est,
468 4000 563 4061 tunc
585 3981 796 4059 fasciculus
820 3981 998 4078 lignosus
1029 4001 1068 4050 e
1084 3972 1161 4048 val
1165 4017 1168 4025 ι

130 4123 201 4176 yae
227 4099 336 4253 apice
360 4099 418 4174 in
429 4098 574 4200 stylum
597 4096 774 4174 transit
793 4089 1021 4172 Fasciculus
1051 4086 1167 4164 hicce

783 4212 831 4286 21
846 4213 861 4250 *
