2848 4888
437 351 884 446 lussonunnto.
1117 363 1168 440 tt

146 559 326 638 humano
368 559 574 650 concessit,
620 555 821 658 objectum
861 571 901 636 et
943 555 1167 658 subjectum

143 689 283 776 utpote
318 674 361 750 in
399 673 539 751 eadem
574 675 676 752 linea
707 673 834 776 posita
859 673 1166 776 contemplandi,

128 789 217 891 ipsi
250 802 353 865 extra
387 788 532 865 lineam
571 804 610 865 at
640 790 683 884 iu
715 786 859 864 eodem
890 786 1011 864 veluti
1041 789 1163 890 plano

144 905 378 992 constituto,
408 903 461 978 ita
494 901 658 1003 quidem
677 913 736 976 ‚ut
768 900 883 976 altior
906 902 1036 1003 posita
1061 903 1162 978 ratio

143 1029 183 1092 et
220 1017 400 1093 animum
433 1029 471 1092 et
495 1013 695 1113 objectum
721 1027 759 1089 et
781 1011 1005 1111 subjectum
1029 1013 1162 1112 juncta

142 1128 391 1205 considerare
414 1119 552 1228 pessit,
578 1125 718 1204 eadem
745 1125 900 1204 dicoet
922 1129 1074 1230 plantas
1089 1153 1163 1231 per

98 1229 101 1234 Δ
139 1257 269 1344 partes
301 1242 474 1328 lineares,
503 1240 658 1317 caulem
682 1253 722 1316 et
744 1265 893 1330 ramos,
926 1265 1000 1318 nec
1024 1244 1161 1320 minus

137 1355 288 1456 planas,
312 1351 408 1430 folia
433 1354 590 1441 scilicet,
615 1353 658 1428 in
684 1354 980 1455 sphaeroideaS‚
1012 1354 1160 1435 florem

139 1481 178 1543 et
206 1464 400 1554 fructum,
429 1465 606 1568 perfecit3
631 1467 833 1544 mineralia
857 1469 991 1570 primo
1022 1471 1159 1571 posuit

111 1646 114 1655 ,
137 1579 345 1682 simplicia,
371 1580 482 1681 quasi
506 1580 804 1670 lineariasdein
827 1577 1012 1684 plantas„
1028 1599 1158 1686 partes

138 1694 452 1797 quammaxime
477 1692 700 1794 deplanatas
723 1693 977 1797 proferentes,
993 1697 1157 1774 tandem

140 1806 335 1895 animalia,
368 1807 641 1908 sphaeroideis
665 1810 835 1886 maxime
858 1809 1035 1910 partibus
1061 1835 1156 1910 gau-

141 1918 279 1996 dentia.
350 1925 416 2010 Et,
457 1921 627 2022 spatium
665 1935 703 1998 et
737 1925 836 1999 ratio
881 1922 931 1998 ad
975 1921 1157 2002 altiorem

134 2034 312 2131 gradum,
330 2030 639 2142 dignitatemque
656 2033 893 2112 adscendere
904 2053 1118 2137 nequeunt

230 2149 382 2224 Turbat
403 2173 498 2223 vero
522 2149 674 2249 ubique
699 2148 826 2246 legem
846 2154 1017 2226 Naturae
1033 2151 1154 2228 ardor

131 2284 205 2364 per
232 2287 274 2338 se
298 2261 493 2338 existendi
526 2259 791 2337 et-individua
817 2263 1043 2350 exhibendi;
1068 2289 1151 2366 quo

132 2374 293 2450 tandem
325 2376 477 2477 expleto
510 2389 548 2450 et
579 2374 715 2451 satiato
749 2374 800 2450 ad
824 2379 963 2451 Unum
986 2377 1090 2453 redit
1114 2393 1153 2455 et

131 2488 261 2564 redire
285 2489 432 2575 studet,
458 2486 571 2589 quod
595 2488 646 2563 ab
659 2491 729 2574 Eo
754 2502 992 2590 separatum,
1025 2489 1151 2567 diver-

131 2625 222 2685 sum
241 2639 244 2650 ·
260 2615 298 2677 et
327 2601 528 2678 deflexum
571 2616 641 2692 esu
678 2623 771 2693 nem
814 2602 889 2677 nisi
929 2619 1153 2704 separatum

130 2698 265 2804 fdenit,
289 2715 404 2791 sciret
426 2712 597 2790 rediisse.
