2868 4882
573 1021 1113 1214 aaran:
1240 1065 1296 1206 με

286 1526 291 1540 .
282 1541 676 1664 sublinunt
695 1585 778 1666 est
791 1596 975 1688 corpus
998 1570 1304 1732 organicum,

282 1575 696 1837 11ιοιιιιιιιιὶῑιιιιι
749 1735 776 1799 e
814 1711 939 1826 solo,
985 1711 1067 1802 eui
1101 1701 1304 1830 imposi-

340 1865 451 1940 tum
484 1865 573 1954 est3
605 1843 841 1982 alimenta¹
872 1851 1198 1943 hauriens·

376 2023 567 2124 Corporis
601 2023 777 2121 organici
800 1989 1005 2110 character
1025 1989 1235 2124 primarius
1258 2021 1303 2115 in
1388 2064 1390 2070 ,

279 2139 531 2235 generatione
554 2139 707 2238 positus
729 2151 798 2217 ,est
825 2137 1034 2222 Generatio
1060 2137 1107 2224 sat
1126 2135 1304 2236 germine

280 2251 424 2332 emisso
458 2265 498 2328 et
521 2251 718 2338 evoluto,
745 2249 799 2327 ita
834 2261 882 2324 ut
910 2249 1168 2349 productum
1177 2251 1235 2326 sit
1252 2249 1304 2334 ei·

278 2365 373 2443 milo
398 2363 646 2472 producenti.
723 2411 727 2418 ·
831 2439 833 2444 ,
959 2429 961 2434 ,

372 2483 457 2556 Hae
495 2464 745 2560 definitione
752 2495 852 2558 non
886 2436 1094 2574 nogarias,
1122 2501 1303 2578 corpora
1383 2521 1390 2539 ·

280 2592 463 2723 organica
489 2591 616 2674 enasci
641 2614 758 2693 posse
784 2590 932 2691 absque
955 2591 1217 2688 generatione,
1235 2606 1304 2676 aut

218 2747 227 2766 ι
279 2708 508 2807 aequivoca,
553 2705 612 2781 uti
663 2704 816 2793 dicunt,
839 2779 842 2788 f
869 2704 1131 2802 generatione.
1196 2704 1303 2784 Cum

277 2845 371 2896 vero
399 2835 508 2896 enata
534 2817 698 2907 fuerint,
728 2832 824 2895 tunc
856 2819 1023 2894 omnino
1049 2819 1303 2917 generatione

278 2961 367 3012 vera
392 2947 670 3038 propagantur.

377 3049 418 3124 Si
444 3048 556 3144 fungi
583 3047 793 3150 quotannis
819 3070 841 3121 e
864 3069 983 3122 succo
1010 3072 1055 3123 ex
1089 3046 1299 3123 arboribus

279 3159 445 3259 aliisque
478 3160 712 3259 corporibus
742 3159 915 3250 ‚stillante
952 3175 1226 3237 enascerentur
1264 3175 1303 3236 et

277 3274 467 3374 perirent,
506 3270 556 3348 ad
594 3296 762 3373 corpora
800 3273 981 3370 organica
1019 3271 1132 3350 nullo
1172 3272 1300 3350 modo

280 3399 408 3461 essent
431 3381 638 3460 referendi.
681 3387 895 3467 Cum-vero
915 3388 1188 3488 experimentis
1206 3408 1302 3462 con-

278 3497 483 3576 firmatum
508 3499 576 3588 sit,
614 3523 636 3575 e
660 3501 903 3599 germinibus
929 3525 1092 3602 quoque
1108 3497 1301 3600 pronasci‚

278 3636 364 3688 non
395 3611 624 3689 dubitamus
657 3613 719 3689 ad
740 3639 907 3715 corpora
939 3610 1084 3688 referre
1110 3612 1301 3709 organica,

277 3726 369 3803 licet
399 3726 527 3827 prima
556 3727 639 3802 vice
674 3751 719 3803 ex
749 3728 975 3829 putredine,
1008 3739 1156 3801 statuve
1192 3735 1305 3800 more

167 3864 176 3884 ⁸
279 3841 382 3918 boso
408 3841 573 3916 aliarum
596 3841 820 3942 plantarum
844 3839 1074 3943 prodierint

377 3955 564 4032 Germina
595 3955 638 4029 in
670 3978 838 4056 corpore
864 3953 1048 4051 organico
1074 3965 1206 4027 exorta
1233 3966 1303 4028 aut

280 4068 530 4158 evolvuntur,
568 4081 782 4170 postquam
821 4079 994 4183 separata
1029 4063 1192 4154 fuerint,
1232 4077 1303 4144 *aut
