2836 4878
263 382 337 456 330
631 379 918 460 FRUCTUS.

263 577 562 680 sporophorum
597 579 757 678 longius
794 591 867 668 est,
905 591 1047 668 erecta,
1084 580 1118 656 si
1142 580 1289 658 bretis-
1392 613 1393 622 Ν

262 693 446 770 simum'

360 805 579 904 Singularis
604 821 697 882 sunt
720 806 871 884 semina
895 807 1057 886 valvulis
1078 808 1288 912 peritas-pii

262 935 330 998 aut
354 919 646 1022 dissepimentis
669 921 856 1024 imposita
879 922 992 998 nullo
1016 920 1199 1000 funiculo
1228 949 1288 1002 se·

260 1033 398 1111 minali
422 1033 625 1123 instructa,
650 1059 723 1112 nec
747 1034 935 1114 fascicrdo
954 1036 1113 1114 cuidam
1130 1038 1286 1136 lignoso

260 1151 362 1226 intra
393 1149 659 1251 pericarpium
692 1147 850 1226 adnexa.
911 1153 1051 1229 Foveis
1087 1154 1286 1260 membra-

261 1289 334 1342 nae
365 1264 529 1340 intimae
552 1265 696 1340 inserta
727 1278 835 1352 sunt,
866 1280 1023 1342 etcum
1048 1264 1286 1353 exciderunt,

131 1388 136 1399 ’
260 1402 376 1480 saepe
390 1378 933 1480 foraminulumrelinquunt„
957 1378 1050 1457 Vidi
1065 1381 1109 1456 in
1129 1380 1285 1458 Gentia-

260 1495 360 1582 neis,
384 1494 613 1594 praesertim
640 1493 830 1570 Gentiana
855 1493 971 1581 lutea,
989 1509 1072 1570 rete
1088 1519 1284 1583 vasorum,

260 1607 374 1710 quod
404 1608 448 1683 in
478 1607 641 1683 valvulis
665 1607 871 1708 pericarpii
906 1607 1059 1708 optime
1091 1610 1284 1711 conspici-

259 1735 342 1808 tur,
377 1721 535 1800 nullum
567 1722 713 1796 habere
749 1745 896 1798 nexum
927 1747 1021 1800 cum
1053 1723 1283 1811 seminibus,
1389 1810 1394 1825 Ι

261 1851 301 1912 et
328 1835 561 1912 fasciculum
593 1834 721 1912 modo
755 1835 830 1911 sub
863 1835 963 1925 istis,
996 1836 1125 1913 modo
1157 1861 1284 1938 prope

260 1951 349 2037 ista,
381 1950 509 2028 modo
542 1950 701 2048 longius
733 1963 936 2026 remotum
967 1975 1129 2026 cursum
1162 1975 1281 2026 suurn

259 2077 403 2142 tenere.
463 2068 525 2142 An
555 2063 730 2142 fasciculi
762 2065 907 2166 lignosi
940 2065 1103 2142 tandem
1129 2063 1283 2140 oblitte-

260 2183 419 2256 rantur?

261 2353 363 2444 185.
424 2345 798 2471 Metamorphosis
855 2348 1126 2471 pericarpii
1176 2376 1280 2439 ver-

320 2519 402 2584 sus
464 2490 853 2582 maturationem
912 2489 970 2582 fit
1024 2488 1281 2582 interdum

323 2635 640 2721 oblitteratione
666 2645 751 2720 aut
781 2634 1061 2721 induratione
1086 2635 1282 2748 portiwn

322 2767 662 2892 quarundam,
715 2771 769 2861 in
814 2771 1150 2861 maturatione
1198 2779 1281 2857 aut

319 2917 583 3002 succulentis
620 2923 706 3002 aut
737 2918 1031 3003 exsiccatione
1064 2921 1117 3000 et
1144 2911 1280 2999 dehis-

321 3059 472 3142 centro.

354 3204 656 3282 oblitteratione
686 3219 815 3307 partes
846 3205 891 3280 in
927 3203 1104 3302 germine
1145 3201 1280 3278 obvias

257 3329 392 3419 postea
427 3317 575 3392 destrui
608 3332 798 3398 testantur
826 3318 978 3396 fructus
1007 3315 1280 3395 Valerianella-

257 3456 349 3507 rum
383 3429 453 3531 qui
483 3429 726 3509 triloculares
758 3434 871 3510 initio
904 3445 1012 3520 sunt,
1036 3445 1125 3508 tum
1149 3431 1279 3509 unilo-

259 3544 408 3620 culares
432 3542 551 3632 fiunt,
575 3543 851 3622 loculamentis
868 3545 1029 3622 duobus
1049 3568 1280 3623 evanesceu-
1397 3611 1398 3624 ,

258 3660 373 3737 tibus.
439 3657 561 3753 Quod
598 3656 764 3761 quidem
796 3659 838 3733 iu
870 3659 1010 3735 multis
1032 3660 1118 3736 aliis
1142 3659 1279 3736 locum

258 3773 385 3849 habet
441 3773 543 3848 Hinc
573 3771 745 3850 Richard
777 3774 872 3871 (An.
899 3773 935 3848 d.
961 3773 1007 3852 fr.
1031 3801 1068 3883 p.
1095 3774 1175 3872 17.)
1202 3772 1280 3849 dis·

259 3886 515 3988 quisitionem
557 3887 743 3984 germinis
784 3887 895 3964 valde
933 3888 1203 3978 commendat,
1241 3900 1280 3963 et

257 4004 303 4079 R.
335 4005 480 4078 Brown
510 4002 717 4078 utilitatem
741 4000 861 4100 hujus
886 4001 1172 4104 disquisitionis
1197 4026 1279 4078 sae-

257 4115 420 4217 pissime
446 4114 630 4216 exemplis
656 4116 938 4219 comprobavit
