2848 4888
269 352 317 425 ra
649 353 901 432 enanra
984 297 990 305 ⁸

268 563 276 614 ³
365 551 467 628 Hinc
507 551 623 654 patet.
648 563 766 630 notas
811 553 1004 652 generum
1040 557 1176 658 magis
1213 579 1292 636 'vo

261 663 388 742 luisse
425 679 663 762 constantes,
697 689 819 767 quam
852 669 1085 769 specierum.
1148 676 1292 749 Incon-

266 781 449 858 stantiam
479 793 518 858 et
550 780 811 872 constantiam
835 796 1024 860 notarum
1047 785 1291 884 ignoramus,

266 895 342 972 nisi
376 895 610 996 experientia
644 893 784 972 edocti.
848 898 952 974 Hinc
983 898 1059 974 nisi
1091 899 1185 976 velis
1215 927 1290 1001 pro

264 1010 397 1088 lubitu
420 1033 562 1108 genera
587 1009 829 1108 distinguere
849 1026 917 1090 aut
933 1012 1111 1088 obscuris
1129 1013 1292 1115 quibus-

250 1126 359 1202 dam
405 1123 639 1201 notionibus
687 1124 851 1215 ductus,
892 1127 1007 1204 sicuti
1052 1128 1292 1230 plerumque

263 1239 350 1334 fieri
367 1239 498 1328 solet,
530 1237 581 1316 ad
611 1238 732 1316 talem
764 1239 1043 1320 definitionem
1067 1243 1198 1320 redire
1224 1242 1290 1318 de·-

218 1423 220 1428 .
261 1353 348 1444 bes,
374 1355 534 1457 qualem
558 1355 764 1457 proposui.

358 1475 447 1546 Hoc
472 1468 624 1545 dictum
649 1470 701 1546 sit
723 1470 774 1548 de
798 1471 1009 1570 generibus
1033 1470 1288 1550 naturalibus

263 1585 305 1662 Si
345 1609 440 1660 vero
483 1582 622 1660 classes
663 1607 686 1660 e
726 1585 960 1664 staminibus
991 1588 1143 1686 (aliave
1179 1601 1309 1692 parte·

248 1697 455 1798 singula),
482 1696 643 1773 ordines
669 1723 690 1774 e
714 1700 867 1800 pistillis
894 1701 1040 1801 (aliave
1065 1701 1198 1804 parte)
1224 1723 1288 1798 ge·

261 1839 338 1890 nus
353 1837 386 1889 ¹e
409 1812 571 1913 reliquis
594 1811 706 1888 floris
735 1813 953 1916 luctusque
970 1817 1091 1904 uotis,
1114 1815 1288 1916 speciem

262 1948 308 2004 ex
322 1927 455 2004 ¹herba
481 1926 722 2025 distinguere
745 1929 818 2017 vis,
843 1929 1007 2006 habebis
1031 1953 1173 2028 genera
1197 1929 1288 2004 arti·

257 2041 399 2120 ficialia
419 2065 527 2120 cum
559 2043 764 2144 speciebus
796 2044 1042 2120 naturalibus
1066 2067 1152 2118 non
1177 2065 1286 2118 com·

258 2155 442 2234 binanda.
1252 2159 1255 2164 ’

259 2376 330 2472 98.
406 2369 546 2466 Ordo
594 2373 833 2465 naturalis
883 2371 957 2476 fit,
1011 2401 1128 2465 cum
1180 2404 1284 2466 om·

317 2545 411 2607 nes
458 2512 744 2634 specierum
792 2514 1113 2606 characteres
1159 2516 1311 2628 mul,

318 2657 380 2746 tis
414 2651 620 2776 quidem
649 2649 825 2756 modis,
857 2651 946 2744 sed
976 2654 1110 2744 intra
1133 2685 1280 2772 angu-

317 2809 420 2886 stos
452 2793 633 2885 limites
663 2793 866 2900 inclusis
900 2783 1152 2886 differunt

353 2963 525 3042 Ordines
557 2962 752 3040 naturales
784 2961 945 3040 existere
975 2964 1148 3066 probant
1183 2969 1279 3043 Gra·

253 3078 382 3167 mina‚·
410 3076 705 3166 Umbelliferae,
738 3077 995 3179 Compositae
1027 3101 1098 3154 seu
1132 3083 1278 3179 Synge-

253 3217 386 3279 nesae,
410 3193 715 3290 Leguminosat‚
745 3191 987 3280 Orchideae,
1020 3193 1277 3274 Scitamineae

243 3319 293 3382 et
314 3304 465 3382 multae
490 3308 595 3384 aliae.

238 3465 240 3472 ,
351 3422 528 3517 Quilibet
559 3420 662 3499 ordo
683 3418 881 3497 ⁴naturalis
910 3420 1062 3498 :multas
1102 3425 1276 3526 comple-

251 3533 370 3612 ctitur
401 3536 565 3638 species,
604 3537 695 3612 alias
720 3559 879 3612 nomeu
912 3535 1063 3613 ordinis
1087 3539 1275 3618 naturalis

250 3671 336 3726 non
352 3649 523 3728 haberet
573 3655 726 3728 Genera
742 3651 913 3728 incertae
929 3649 1032 3728 sedis
1049 3667 1150 3742 sunt,
1173 3653 1273 3732 dum

248 3789 393 3866 paucas
419 3766 738 3868 complectuntur
761 3765 926 3867 species,
956 3778 1043 3842 tum
1067 3789 1162 3844 vero
1187 3793 1273 3870 spe·-

251 3879 387 3956 ciebus
418 3880 600 3983 pluribus
628 3879 792 3957 detectis
821 3893 863 3956 et
891 3879 933 3955 in
970 3880 1033 3956 his
1062 3883 1272 3979 generibus

249 3993 432 4096 pluribus
457 3993 653 4072 distinctis·
672 3991 715 4072 in
740 3992 903 4072 ordines
925 4007 1130 4071 transeunt
1159 4009 1271 4073 natu·

248 4107 358 4188 cales
407 4104 546 4190 Multis
576 4110 711 4212 itaque
731 4109 869 4188 modis
893 4107 1055 4188 differre
1078 4109 1270 4188 characte-
