2836 4878
260 421 332 498 ³14
690 407 852 496 FLOS.

122 597 128 619 Ι
261 619 392 696 abiere
427 617 701 720 multiplicata,
739 629 777 692 at
813 615 978 692 stamina
1019 637 1104 691 non
1136 627 1289 694 mutata

260 735 461 837 perstitere
487 758 581 808 cum
606 729 755 808 corolla
782 743 936 805 externa
963 729 1094 828 (liger
1108 758 1146 832 p.
1164 735 1275 828 133).

347 843 565 926 =Interdum
600 845 692 921 loco
726 844 913 942 genuinis
946 859 985 920 et
1007 845 1142 947 pistilli
1167 847 1291 948 stipes

261 960 443 1049 excrevit,
475 960 544 1061 qui
576 963 701 1036 multa
731 957 857 1062 petala
897 959 1072 1059 protulit.
1136 960 1294 1038 Accidit

261 1102 426 1180 quoque
457 1089 504 1151 ut
531 1098 638 1176 uuus
671 1072 846 1175 alterque
877 1073 996 1174 stipes
1030 1099 1075 1150 ex
1098 1074 1292 1176 primitivi

152 1217 155 1222 ·
258 1191 446 1270 lateribus
471 1187 631 1264 oriatur.
679 1191 784 1265 Haec
811 1188 1112 1288 auamorphosis
1128 1188 1170 1262 in
1189 1190 1292 1264 Cru-

261 1305 389 1384 ciferis
426 1301 627 1402 siliquosis
665 1303 775 1380 etin
818 1301 1061 1405 quibusdam
1101 1301 1293 1381 Rosaceis

261 1421 493 1499 observatur
517 1420 654 1516 (liger
676 1445 714 1518 p.
740 1420 820 1493 135.
829 1415 856 1513 ).

289 1569 301 1576 ·
355 1539 403 1612 ln
429 1533 514 1609 aliis
537 1532 697 1608 initium
722 1529 1028 1633 proliserationis
1054 1545 1127 1620 est,
1159 1528 1293 1633 petala

261 1650 368 1728 enim
401 1661 470 1723 aut
503 1639 666 1722 laciniae
696 1644 976 1747 multiplicatae
1000 1645 1056 1720 ita
1077 1645 1293 1722 in'orbem

259 1757 416 1870 positae
442 1774 552 1848 sunt,
583 1772 630 1834 ut
661 1757 774 1834 facile
805 1759 1022 1860 conspicias
1058 1757 1292 1836 rudimenta

261 1880 395 1958 adesse
432 1873 610 1978 plurium
647 1871 807 1948 florum.
871 1872 1079 1949 Interdum
1122 1899 1294 1976 quoque

260 1993 426 2071 stamina
450 2003 627 2066 autnon
651 2000 812 2074 mutata,
839 1999 907 2061 aut
930 1987 1072 2088 partim
1097 1988 1140 2062 in
1160 1989 1293 2089 petala

260 2120 409 2184 mutata
440 2105 482 2179 iu
514 2101 651 2179 medio
685 2114 907 2202 supersunt„
956 2105 1043 2177 Hoc
1065 2101 1295 2204 luculenter

259 2222 303 2298 in
341 2217 536 2296 Galantho
574 2213 691 2291 nivali
723 2213 803 2290 vidi
836 2228 874 2290 et
902 2214 1074 2289 similem
1105 2240 1294 2292 anamor·

259 2333 405 2438 phosin
422 2332 464 2406 in
482 2327 596 2405 Alcea
611 2351 727 2402 rosea
744 2326 945 2404 adnotavit
959 2332 1075 2426 liger
1091 2329 1144 2430 (p.
1158 2328 1266 2426 147.).

263 2463 268 2472 ’
358 2441 541 2520 Tandem
574 2440 651 2517 flos
682 2439 848 2542 prolifer
877 2441 939 2531 fit,
971 2443 1002 2518 si
1034 2443 1293 2545 pedunculus

261 2585 283 2637 e
307 2557 446 2634 medio
471 2553 583 2632 floris
607 2556 780 2651 emergit
805 2580 958 2632 novum
974 2556 1120 2635 florem
1137 2573 1205 2634 aut
1224 2583 1293 2633 ex-

259 2673 464 2777 plicatum,
497 2680 565 2744 aut
593 2667 783 2743 mutilum
812 2669 1029 2772 proferens.
1078 2671 1291 2750 Interdum

260 2788 394 2892 plures
436 2783 556 2862 flores
603 2781 842 2885 plerumque
881 2787 1012 2862 mutili
1053 2785 1289 2889 pedunculo

261 2901 437 3003 impositi
470 2912 592 2991 sunt.¹
627 2896 832 2973 Interdum
861 2898 1006 3001 duplex
1030 2899 1290 3003 proliferati0,

260 3013 361 3091 flore
393 3013 549 3118 prolato
583 3035 736 3088 novum
772 3011 916 3089 florem
950 3039 970 3090 e
1002 3014 1138 3091 medio
1175 3017 1290 3093 emit-

259 3140 394 3205 tente'
432 3130 583 3205 Ramus
614 3114 777 3228 quodue
811 3153 832 3204 e
856 3127 956 3204 flore
982 3129 1058 3204 exit
1081 3128 1201 3206 flores
1224 3131 1289 3208 fo-

259 3241 390 3342 liaque
407 3239 622 3342 proferens.
672 3240 789 3337 Calyx
805 3240 845 3314 in
863 3242 1064 3344 primitivo
1081 3240 1183 3321 flore
1205 3271 1288 3322 sae-

259 3355 422 3458 pissime
451 3353 494 3427 in
526 3350 622 3428 folia
654 3367 830 3430 mutatus
865 3367 932 3431 est.
986 3355 1081 3433 Vidi
1122 3371 1287 3460 quoque

261 3467 396 3546 omnia
428 3465 555 3568 petala
586 3463 699 3556 floris
731 3468 918 3570 primitivi
948 3467 991 3544 in
1016 3469 1111 3549 folia
1136 3451 1286 3550 mulata

260 3585 388 3662 itaut
418 3579 496 3656 flos
527 3593 704 3656 mutatus
733 3581 895 3658 nonnisi
928 3608 950 3662 e
982 3586 1061 3663 situ
1089 3583 1285 3664 foliorum

262 3690 562 3798 cognoscendus
586 3693 715 3771 fuerit.

356 3805 605 3887 Proliseratio
637 3807 834 3886 calathidii
864 3809 907 3888 in
934 3815 1176 3917 Compositis
1200 3841 1284 3892 non

260 3923 490 4026 infrequens
527 3937 622 4012 est,
677 3937 715 4000 et
761 3925 907 4028 probat
952 3927 1284 4007 inflorescentiam

260 4039 408 4116 hancce
434 4037 484 4115 ad
508 4035 650 4115 florem
678 4039 871 4118 accedere.

674 4185 874 4213 ι*
920 4187 924 4197 “
