2838 4874
321 355 444 442 us,-
655 347 1059 464 oron-omos

321 559 367 634 R.
390 558 545 630 Brown.
569 547 695 628 Lond.
722 555 844 638 1814.;
867 550 924 650 Ej.
948 551 1151 652 Appendix
1169 567 1209 634 to
1227 561 1317 662 Capt

322 667 509 765 Tuclrey’s
548 663 748 741 Narrative
786 663 836 740 of
861 671 910 740 an
942 666 1163 766 expedition
1195 684 1233 746 to
1263 675 1319 750 the

319 783 423 859 river
447 784 599 876 Congo.
638 777 765 853 Lond.
790 781 896 856 1818.
921 782 971 866 4.;
996 785 1036 856 F.
1062 786 1121 857 Fr.
1143 783 1321 862 Schouw's

322 894 564 990 Grundziige
589 893 698 968 einer
722 873 979 992 allgemeinen
996 893 1321 996 Pllanzengeogra-

319 1010 426 1112 phie
448 1007 546 1084 Berl.
565 1010 670 1083 1823
689 1021 727 1082 et
741 1005 1046 1104 Wahlenbergii
1064 1031 1199 1107 opera:
1221 1012 1322 1090 Flora

318 1102 545 1226 lapponica..
579 1120 705 1199 Berol.
747 1123 851 1197 1812
922 1118 1054 1196 Flora.
1072 1123 1321 1224 Carpatorum.
1372 1155 1373 1168 ¹

321 1244 449 1318 Goett
499 1238 605 1312 1814
661 1237 722 1312 De
769 1234 1014 1334 vegetatione
1063 1234 1106 1310 in
1158 1236 1321 1338 Helvetia.

204 1346 208 1354 ’
320 1353 453 1432 Turio.
479 1354 584 1428 1813.

319 1608 421 1699 227.
494 1607 717 1727 Stationes
767 1607 1079 1724 plantarum„
1112 1603 1322 1696 determi-

378 1757 568 1835 nantur
595 1745 896 1863 praesertim
927 1749 1108 1836 chinate.

415 1915 535 1994 Calor
562 1915 723 1993 maximi
749 1916 945 1994 momenti
971 1915 1106 1993 est-ad
1130 1917 1321 1993 stationem
1370 1913 1371 1918 ‘

316 2030 472 2134 plantae
511 2027 862 2106 determinandam.
921 2031 1039 2108 Calor
1069 2031 1238 2130 regionis
1268 2057 1322 2108 cu·

316 2143 473 2245 jusdam
509 2141 672 2233 indicat,
708 2142 898 2245 plantam,
937 2170 1038 2246 quae
1063 2145 1186 2221 hocce
1210 2145 1322 2220 calore

315 2259 481 2357 indiget,
513 2256 664 2334 ibidem
683 2261 874 2356 'vegetare
904 2283 1039 2360 posse,
1057 2272 1104 2358 at
1128 2283 1211 2336 non
1234 2257 1322 2334 indi·

315 2389 394 2462 cat,¹
423 2370 574 2472 ibidem
605 2395 739 2448 revera
769 2386 955 2470 vegetare.
984 2371 1322 2471 rDistinguendum
1372 2441 1373 2452 ι

315 2489 424 2565 enim
458 2501 528 2568 est,
542 2487 646 2563 inter
677 2486 887 2562 stationem
912 2486 1133 2572 naturalem
1159 2482 1322 2563 etzartifi·
1372 2487 1373 2548 ἐ

314 2601 462 2688 cialem,
487 2625 559 2676 seu
582 2600 685 2677 inter
708 2600 918 2679 stationem
944 2601 1143 2696 stlocum
1159 2598 1321 2676 natalem.

311 2719 360 2794 In
393 2713 559 2791 statione
592 2713 780 2790 artificiali
812 2712 968 2816 plantae
1000 2713 1118 2817 saepe
1153 2724 1322 2810 vegetant

215 2925 222 2941 p
313 2842 353 2908 at
383 2837 473 2905 raro
505 2842 545 2904 et
575 2829 774 2904 rarissime
805 2827 926 2906 flores
950 2825 1184 2929 fructusque
1205 2822 1321 2927 profe-

310 2956 422 3033 runt,
464 2965 586 3044 quem
622 2943 665 3018 in
697 2941 822 3019 finem
856 2941 964 3020 calor
993 2941 1155 3019 medius
1187 2938 1322 3016 aestatis

312 3055 521 3135 addendus
538 3070 626 3144 est,
660 3057 728 3158 qui
754 3058 982 3157 praesertim
1009 3055 1163 3154 confert
1187 3051 1235 3130 ad
1258 3049 1321 3126 llo.
1372 3119 1373 3156 ,

310 3195 378 3248 res
397 3169 629 3271 fructusque
653 3167 931 3270 perficiendos.
996 3237 999 3244 .

408 3284 577 3378 Quaevis
600 3283 733 3385 planta
759 3283 873 3362 elima
898 3283 1065 3387 requirit
1089 3284 1140 3361 ad
1166 3279 1257 3380 ejus
1253 3299 1322 3350 ve·
1372 3345 1373 3364 ι

310 3396 548 3498 getationem
565 3397 827 3482 universalem
849 3397 1086 3487 idoneam,
1075 3422 1118 3474 ιιι
1144 3420 1235 3526 quo
1248 3411 1321 3466 non

309 3513 443 3589 solum
476 3523 613 3597 aestas,
646 3510 717 3586 sed
750 3535 934 3613 quoque
945 3511 1097 3614 reliqua
1123 3508 1212 3588 anni
1235 3520 1322 3582 ιειιι·ι
1372 3577 1373 3580 ,

309 3652 407 3729 pora
432 3625 505 3700 rite
528 3638 742 3724 temperata
767 3639 882 3720 sunt
927 3628 1208 3728 Temperatura
1233 3614 1322 3695 aeris

214 3808 216 3812 .
309 3767 381 3817 seu
406 3741 538 3827 clima,
564 3737 678 3838 quod
704 3713 875 3815 diximus
898 3755 1078 3818 accurate
1103 3741 1183 3818 hoc
1206 3727 1322 3810 modo

308 3853 514 3932 indicatur
570 3853 721 3930 Tabula
747 3851 978 3930 secundum
1007 3877 1164 3931 menses
1195 3870 1262 3950 per
1282 3839 1322 3914 li-

308 3995 401 4046 neas
442 3967 745 4070 aequidistantes
766 3967 997 4058 dividitur,¹
1007 3982 1105 4044 tum
1130 3987 1223 4069 per
1239 3954 1322 4034 alias

147 4128 153 4137 -
241 4177 246 4190 ι
306 4083 475 4184 priores
490 4098 598 4160 recto
624 4097 797 4162 secantes
822 4083 979 4182 angulo,
1003 4081 1224 4188 secundum
1246 4090 1321 4166 811

1256 4179 1322 4256 dus
