2840 4878
282 365 356 444 112
692 337 921 447 Ran1x;'
975 355 982 363 ·

280 555 683 650 Pfla'nzen'anatomie.⁴
722 565 851 668 L'eipn.
877 569 982 648 1799.
1012 576 1047 646 2.·
1071 561 1227 666 tte'tt).-
1256 571 1308 648 At

280 685 449 763 inveniri
477 677 697 761 medullam
717 679 772 754 in
796 678 929 758 radice
944 679 1197 784 Impatientis
1219 684 1308 760 uat-

280 801 455 878 saminae
477 793 744 873 Bernhardius
769 791 915 892 objecit
946 796 1068 894 (Ueb.
1101 795 1306 874 Pflanzen-

280 913 423 1014 gefa‘sse
447 938 484 1012 p.
508 907 600 1005 20.).
652 910 754 989 Sunt
769 909 919 1011 utique
941 906 1304 1014 plautaejquarum

277 1029 428 1106 radices
452 1023 532 1123 jam
557 1048 579 1099 a
602 1021 731 1124 prima
758 1037 887 1132 aetate
901 1021 1077 1100 medulla
1093 1024 1305 1104 imtructae'

278 1155 386 1228 sunt,
419 1152 458 1215 at
484 1160 650 1239 paucae,
681 1135 786 1211 inter
817 1162 915 1239 quas
947 1137 1148 1236 singulare¹
1165 1138 1304 1217 exem-

277 1249 393 1361 plum
424 1249 522 1330 sistit
551 1250 768 1352 Impatiens
796 1250 1047 1331 salsamina
1089 1255 1136 1328 In
1167 1253 1303 1354 ple1is·

201 1380 232 1424 '·
280 1395 360 1474 que
389 1365 565 1444 medulla
590 1364 721 1442 serius
753 1365 881 1453 intrat,
914 1379 983 1441 aut
1014 1367 1148 1452 subito
1174 1393 1302 1470 prope

277 1479 553 1577 basin'cessat‚
578 1479 827 1577 autlongius
850 1478 972 1565 instar
1002 1478 1134 1557 fili-'in'
1163 1483 1300 1562 m'edio

278 1621 496 1676 excurrens.

277 1801 350 1890 71.
411 1798 569 1906 Radts
612 1801 763 1885 stricte
810 1767 878 1886 sac
922 1796 1101 1891 dieta
1066 1827 1142 1892 ln
1191 1796 1304 1892 basi

338 1935 506 2028 caulis
522 1933 777 2024 invenitur
806 1947 860 2025 et
876 1949 1087 2054 partem
1113 1967 1214 2056 per
1245 1966 1298 2029 se

338 2072 617 2184 constituit3
666 2073 900 2163 oriuntur
935 2104 1056 2167 vero
1091 2089 1142 2166 et
1171 2078 1298 2167 radi

339 2216 478 2308 culae
510 2213 566 2304 in
597 2212 702 2304 aliis
733 2212 970 2333 partibus,
1000 2219 1298 2336 praesertim

335 2359 391 2448 in
424 2354 576 2445 caule.

368 2525 496 2620 Radix
519 2527 663 2626 integra
685 2523 872 2615 vocanda,
898 2551 999 2629 quae
1023 2529 1177 2606 caulem
1203 2555 1297 2608 con-

272 2643 409 2730 tinuat,
433 2640 516 2716 basi
540 2638 652 2716 haud
677 2638 808 2728 divisa,
833 2641 943 2719 radix
958 2647 1175 2746 composita,
1195 2671 1296 2748 quae

274 2768 425 2833 constat
450 2778 472 2829 e
495 2753 680 2830 radiculis
704 2752 887 2854 pluribus
913 2781 934 2833 e
957 2758 1042 2834 basi
1068 2759 1188 2835 caulis
1204 2786 1296 2863 pro-

272 2857 499 2948 deuntibus
547 2873 652 2946 Haec
677 2867 796 2980 vulgo
819 2869 970 2948 fibrosa
997 2872 1150 2962 dicitur,
1176 2889 1214 2950 at
1236 2900 1295 2952 ra-

272 2986 426 3063 diculae
449 3006 535 3061 non
558 3003 648 3058 raro
675 2984 933 3098 crassissimae
950 3001 1051 3074 sunt,
1075 3001 1113 3062 et
1127 2977 1301 3077 termini,¹

272 3103 351 3176 rud.
374 3087 541 3201 fibrosa
556 3111 595 3174 et
624 3100 738 3200 capdl
735 3089 811 3176 aris
845 3099 982 3176 dehis
1002 3114 1158 3178 tantum
1184 3101 1294 3178 adhi-

269 3211 413 3323 bendi*
441 3233 544 3315 quae
574 3203 767 3288 radiculas
799 3226 938 3290 tenues
972 3229 1010 3292 et
1045 3217 1295 3292 tenuissimas

269 3324 426 3403 habent
453 3324 586 3404 -Illam
612 3324 786 3424 palarem
805 3328 1133 3431 'quoque'dicrmt
1149 3327 1296 3428 (Pfahl-

269 3438 418 3515 wurzel
448 3438 693 3539 germanice)
727 3455 766 3518 at
796 3433 870 3543 est„
904 3433 1006 3545 quae
1029 3465 1157 3544 prope
1180 3440 1294 3516 basin

271 3545 477 3629 dividatur.
1069 3631 1072 3638 Α

296 3667 298 3670 ’
364 3665 578 3746 Radiculae
601 3683 839 3746 structuram
863 3666 1005 3748 radicis
1028 3671 1193 3758 habent,
1200 3689 1293 3745 uec

268 3795 328 3858 est
358 3775 431 3858 alia
463 3781 685 3860 differentia
714 3783 819 3858 inter
850 3783 1043 3860 radiculas
1068 3787 1116 3861 e't
1125 3781 1301 3870 'radices'

267 3895 343 3971 nisi
369 3893 481 3996 quod
505 3895 595 3972 illae
613 3894 738 3974 simul
761 3889 894 3998 plures
921 3889 1153 3976 exariantur

280 4061 284 4068 -
362 4011 410 4086 In
444 4009 634 4086 omnihus
664 4003 1063 4110 Monocotyledoneis
1099 4010 1210 4088 radix
1235 4015 1297 4085 'est

229 4189 231 4192 ,
268 4119 487 4224 composita
524 4117 808 4222 (Grundlehr.
824 4154 861 4228 p
878 4125 1010 4224 127..)
1069 4131 1172 4204 Sunt
1195 4149 1290 4202 vero

1255 4251 1293 4314 et
