2840 4878
595 363 781 478 ιοιιι.
1128 363 1198 438 ιιι

249 560 383 639 Folia
408 531 645 664 fasciculam
684 561 845 638 initium
880 560 980 636 rami
1011 556 1198 649 fumant.

177 674 274 754 solia
299 676 391 754 bino
415 689 482 752 aut
505 679 658 776 gentico
680 674 825 753 folium
847 669 1029 752 binatum
1046 675 1199 766 sistunt

176 789 326 892 petiolo
345 789 566 867 obsoleto·
760 855 762 862 ,
1164 821 1197 868 ,ε

189 937 192 942 ·
268 903 385 982 Folia
417 903 599 1005 opposita
630 915 668 979 et
699 901 919 980 verticillata
953 916 1022 978 aut
1044 903 1109 978 in
1104 927 1199 986 otus

178 1017 297 1096 nibus
323 1019 445 1096 axillis
468 1041 601 1094 ramos
624 1030 781 1113 gerunt,
805 1039 878 1092 nec
903 1039 963 1096 ne
1012 1022 1127 1094 Haec
1142 1017 1200 1094 di

180 1155 243 1209 cas
274 1131 342 1208 fol.
376 1157 466 1234 opp.
499 1144 537 1205 et
568 1143 660 1205 vert
694 1128 965 1208 alternisantia.
1031 1132 1200 1213 Stellatis

180 1259 219 1322 et
242 1244 593 1347 Caryophyllaoeis·
607 1242 785 1320 solennia
799 1254 911 1320 sunt

274 1348 464 1434 Di'stantia
483 1369 633 1435 remoto
656 1371 759 1444 sunt,
781 1361 960 1460 conforta,
977 1357 1182 1442 ιἰηόνέιιιια.

180 1517 279 1656 113.
342 1525 482 1648 Folia
518 1527 756 1648 directione
789 1563 1041 1680 plerumque
1081 1511 1199 1657 Ιιονιὶ,

185 1756 188 1766 ·
239 1701 436 1786 zontalia
479 1709 610 1797 sunt,
657 1708 709 1784 et
749 1696 798 1784 ri
841 1697 1052 1800 inversa,
1098 1711 1198 1788 tor*

241 1835 385 1964 sione
396 1956 398 1960 .
417 1833 480 1923 ad
514 1835 782 1954 pristinum
814 1847 1014 1938 statum,
1046 1855 1197 1956 quan-

238 1985 348 2088 tum
379 1969 490 2064 fieri
514 1973 708 2093 potest,
738 1971 964 2064 redeunt.
1193 2091 1196 2100 1

197 2202 199 2207 s
263 2142 451 2219 'Directio
479 2140 673 2220 foliomm
698 2142 954 2220 horizontalis
979 2143 1117 2222 similis
1142 2160 1200 2236 ost

180 2255 387 2335 directioni
418 2256 601 2334 cauliset
624 2281 831 2334 ramorum
857 2255 1121 2348 adscendenti,
1145 2251 1199 2338 ita

178 2370 436 2472 uir-superior
466 2371 606 2472 pagina
633 2371 748 2459 cauli,
773 2369 938 2456 inferior
962 2371 1083 2448 radici
1110 2399 1199 2466 anna

177 2485 268 2582 loga
293 2486 351 2573 sit,
376 2484 489 2585 quod
512 2485 658 2564 docent
675 2487 937 2586 experimenta
954 2485 1199 2578 Dutrocheti,

179 2599 296 2700 supra
321 2599 415 2696 (99)
441 2599 563 2676 citata.
583 2663 588 2674 ,
612 2605 756 2676 Totam
781 2597 959 2676 referunt
977 2597 1072 2677 folia
1089 2600 1202 2701 plan⁴

178 2727 261 2786 tam
284 2735 358 2787 nec
382 2727 534 2813 partem
559 2712 649 2808 (esra
676 2715 764 2810 lt).

274 2825 400 2901 Multa
444 2827 707 2926 experimenta
742 2827 832 2904 hao-
856 2824 908 2900 de
934 2823 991 2902 re
1032 2827 1199 2903 instituit

178 2941 383 3015 Bonnetus
423 2940 692 3037 (Recherches
732 2964 759 3013 s.
798 2938 924 3036 lfflusag
965 2938 1033 3014 des
1077 2939 1198 3018 feuill.

177 3055 296 3130 Mem.
327 3055 361 3128 2
388 3057 496 3130 eto.
527 3080 564 3153 p.
595 3053 705 3150 299.)
731 3077 974 3154 quamquam
999 3053 1082 3157 ipse
1108 3079 1197 3130 cau-

177 3190 262 3240 sam
298 3141 586 3253 mechanicam,
632 3166 815 3241 humoris
847 3164 1127 3292 relaxationem
1159 3175 1198 3243 et

177 3277 317 3354 caloris
343 3279 671 3367 contractionem,
697 3294 867 3380 quaerat

272 3395 398 3470 Rarae
434 3407 528 3469 sunt
564 3393 810 3494 exceptiones
852 3393 900 3471 ab
936 3392 1007 3468 ista
1051 3394 1197 3493 regula.

178 3504 241 3581 Sic
275 3508 458 3608 ,adpressit
492 3508 634 3609 pagina
664 3506 869 3608 superiore
900 3506 1001 3584 catali
1032 3509 1198 3588 ramisve

177 3620 355 3720 apposita
390 3635 499 3708 sunt,
520 3619 733 3704 'imbricato
768 3619 842 3694 sibi
867 3620 1106 3698 incumbunt
1125 3622 1197 3708 ita,

177 3746 223 3808 ut
241 3735 389 3836 pagina
414 3735 597 3835 superior
620 3731 851 3810 inferiorem
876 3749 989 3832 tegat,
1016 3737 1199 3812 comaclen

178 3847 368 3944 angulum
394 3873 486 3924 cum
508 3848 719 3924 horizonte
743 3861 896 3922 rectum
922 3847 1108 3935 efficiunt,
1131 3863 1199 3926 aut
1226 3859 1228 3864 ’

179 3959 229 4036 ad
253 3974 406 4038 rectum
433 3959 702 4046 accedentem,
727 3960 883 4064 obliqua
906 3961 1026 4036 situm
1051 3960 1202 4055 hahent

174 4074 283 4150 inter
305 4074 594 4154 horizontalem
612 4087 651 4150 et
665 4074 886 4152 verticalem
905 4068 1196 4168 ipte'rmedium,
