2840 4878
561 369 747 453 1⁸0·le
1091 370 1164 456 ,ldl

145 569 317 652 concreti
346 568 571 657 videantur,
611 565 862 668 reperiuntur
897 565 939 642 ιιι
975 569 1166 648 Banksiae

144 684 315 786 petiolis,
364 682 610 783 aliarumque
652 681 895 782 plantarum3
929 684 1083 770 accreti„
1127 698 1168 764 ιι
1251 693 1256 703 “

146 797 332 876 nondum
362 821 452 876 vere
477 795 660 883 concreti,
679 795 728 880 ¹in
762 793 856 870 Cisti
887 792 1078 876 undulati.
1101 823 1168 897 pe·

146 911 252 992 tiolis
284 910 463 1012 aliisquet
495 909 667 993 concreti
697 909 741 988 in
766 907 960 992 annulum
985 907 1167 990 dimidiae

144 1038 232 1100 tum
271 1024 314 1099 in
353 1023 560 1106 Cameltiae
597 1020 773 1123 petiolis,
810 1022 993 1101 concreti
1017 1025 1060 1100 in
1099 1045 1166 1108 ana

146 1137 291 1216 nulum
315 1139 524 1236 integrum,
547 1136 589 1214 in
615 1134 817 1235 spondiae
839 1136 1022 1216 Mombin
1038 1137 1165 1238 petio·
1240 1183 1247 1211 t
1313 1213 1316 1222 Δ

146 1251 211 1341 lis,
237 1249 348 1348 cujus
374 1248 597 1352 exemplum
622 1248 721 1327 sistit
746 1253 789 1330 T.
813 1248 848 1327 ι
872 1246 972 1328 tte.
992 1249 1063 1328 ubi
1081 1272 1166 1330 cor·

143 1380 208 1446 tex
231 1365 400 1446 exterior
422 1393 450 1442 a
474 1388 496 1440 e
521 1361 670 1442 cellulis
693 1359 929 1450 minoribus,
953 1363 1166 1450 inter-iord

145 1502 167 1554 e
198 1475 432 1574 majoribus,
472 1476 637 1552 intimus
668 1506 689 1552 c
718 1499 741 1551 e
771 1476 870 1558 vasis
903 1474 1061 1554 fibrosis
1084 1476 1165 1560 sor-

143 1606 275 1681 matur
306 1591 452 1680 cortice
475 1590 587 1670 utin
610 1590 711 1666 veris
736 1589 855 1673 ramis
880 1616 902 1665 a
926 1589 1035 1688 ligno
1061 1616 1165 1669 sece-

144 1704 273 1785 dente.
326 1706 499 1802 Lignum
530 1706 558 1784 d
592 1702 774 1782 radiatim
800 1704 949 1792 crescit,
973 1702 1166 1788 fasciculis

143 1843 332 1900 nasorum
368 1816 572 1918 spiralium
611 1845 632 1893 e
667 1816 766 1893 cirea
803 1816 1022 1896 medullam
1052 1834 1100 1896 ut
1121 1820 1164 1897 in

145 1931 274 2019 caule,
313 1930 476 2031 reliquis
512 1931 614 2012 intra
645 1929 800 2028 lignum
830 1927 1030 2009 demersis.
1083 1937 1165 2018 Me÷

144 2044 253 2126 dulln
277 2048 318 2148 s
346 2043 528 2126 medium
567 2056 741 2144 occupat.
801 2041 964 2122 Videbis
1000 2069 1165 2146 quoque

139 2157 340 2236 ¹atmulum
369 2159 568 2256 integrum
600 2170 639 2234 et
666 2154 874 2236 fasciculos
905 2157 1081 2256 lignosos
1106 2158 1165 2234 di-

143 2284 290 2350 scretos
313 2271 414 2350 intra
438 2268 656 2350 medullam
679 2293 835 2370 sparsos
858 2271 901 2348 in
924 2271 1164 2438 quibusdam

141 2408 176 2464 e
200 2407 235 2484 g
258 2384 309 2463 in
327 2383 422 2466 Citri
446 2383 663 2485 speciebus
818 2458 822 2465 .
871 2429 874 2436 ·

241 2499 384 2580 Cortex
407 2497 543 2600 petinii
567 2496 698 2582 teretis
721 2497 917 2600 undique
926 2521 1084 2580 crassus
1095 2514 1163 2589 ιιι

142 2610 385 2692 canaliculati
415 2637 508 2696 vero
533 2612 576 2692 ιιι
600 2612 754 2692 latere
734 2615 931 2696 interiore
954 2614 1083 2696 multo
1107 2628 1164 2697 tet

142 2726 274 2806 ιιιιιοι.
332 2725 540 2808 Interdum
577 2724 627 2804 ad
662 2726 774 2805 basin
812 2729 943 2808 subito
973 2729 1162 2808 increscit.
1269 2741 1275 2749 '

143 2841 290 2918 cortex
312 2839 449 2940 petioli
476 2855 505 2917 a·
522 2839 665 2920 cortice
688 2838 858 2920 laminae
883 2839 1074 2924 discretim
1107 2855 1166 2926 eet

143 2951 186 3030 in
218 2950 314 3032 nitri
347 2949 469 3040 soliis,
494 2953 546 3034 ita
569 2967 756 3054 utsupra
782 2953 999 3034 aut-temam
1023 2953 1163 3058 adbit*

140 3065 204 3144 sin
228 3061 402 3148 laminae
422 3065 527 3146 linea
549 3091 731 3168 separans
748 3067 1032 3168 conspiciatur„
1064 3070 1163 3168 Opas

137 3201 212 3266 ¹nes
232 3201 338 3260 ivero
369 3179 667 3276 incrassetiones
698 3195 737 3260 et
766 3181 1030 3280 separationes
1053 3179 1164 3263 [fiunt

140 3291 305 3380 cortice,
330 3317 423 3372 nam
447 3292 611 3391 lignum=
640 3295 789 3396 absque
818 3293 1107 3396 interruptione
1138 3318 1162 3372 e

139 3407 310 3482 ramniu
316 3407 551 3536 petiolum,
577 3431 649 3488 nec
675 3431 806 3485 none
810 3406 982 3508 petiolo
1005 3407 1052 3487 in
1073 3431 1162 3492 net

140 3543 236 3599 tum
261 3518 495 3621 primarium
519 3519 605 3603 folii
630 3521 775 3602 transit

235 3633 351 3708 Basin
375 3634 510 3736 petioli
537 3648 604 3710 aut
627 3635 736 3710 nervi
761 3633 949 3736 primarii,
970 3631 1040 3714 uhi
1067 3605 1159 3722 culn

140 3769 254 3824 ramo
285 3771 485 3834 connexus
517 3762 610 3836 est,
630 3750 870 3851 ριιῖιιιιιιιιι
857 3772 960 3826 cum
994 3729 1157 3826 Ruellio

142 3857 243 3946 dico.
290 3864 536 3960 Incrassatus,
551 3875 608 3941 est
630 3843 870 3963 plerumque
888 3888 927 3960 a,
940 3861 1083 3960 cortice
1097 3860 1172 3956 in,

140 3987 309 4059 nasae
332 3976 597 4072 unvidimua·
646 3973 1077 4078 uenustissimus·
1098 3998 1158 4074 ct·

139 4085 330 4180 lindum
356 4103 425 4210 etc,
450 4087 770 4194 deprehenditur.
824 4166 828 4175 ,
863 4135 880 4170 ·.
