2836 4878
225 375 300 473 ue
594 371 882 468 raderus

225 569 354 644 tibiles
378 592 461 644 non
486 567 660 644 multum
688 568 846 657 distant,
871 569 1073 652 immaturi
1099 568 1251 667 integri,

225 682 368 759 maturi
393 708 487 758 vero
512 680 700 757 facillime
724 679 767 757 in
792 699 919 785 partes
944 683 1161 786 separandi.

320 799 452 873 Partes
481 793 634 871 fructus
666 797 894 899 multiplicis
926 799 968 872 in
1000 797 1252 876 Ranuncula·

225 911 302 988 ceis
341 912 401 984 De
441 908 634 986 Candolle
671 911 850 1020 carpellas
889 925 1044 1000 vocant,
1084 913 1251 986 nomine

225 1039 334 1128 apto,
366 1023 617 1126 reliquorum
646 1055 757 1104 cocco
790 1024 972 1112 dixerim,
1005 1050 1078 1100 nec
1115 1027 1250 1102 termi-

224 1166 324 1217 num
353 1153 435 1214 tam
461 1137 675 1232 artificiose,
696 1147 818 1242 qu'am
836 1139 1074 1216 Ga'e1tnerus
1090 1141 1250 1217 restrin-

224 1255 357 1330 xerim.
591 1281 599 1336 ι
1276 1255 1282 1264 ’

321 1365 416 1466 Styli
442 1366 686 1443 continuatio
720 1364 835 1469 saepe
866 1392 938 1469 per
969 1391 1082 1444 coeca
1109 1367 1249 1445 decur-

221 1485 274 1560 rit
303 1483 414 1559 utin
438 1481 697 1583 Euphorbiis‚
721 1481 987 1560 Umbelliferis
1014 1496 1099 1571 etc,
1126 1509 1247 1584 quam
1271 1481 1274 1488 ’

221 1597 431 1703 stylobusz'n
456 1585 634 1670 dixerim.
908 1701 913 1708 ⁶
1177 1695 1182 1708 ι
1275 1613 1278 1618 “

318 1713 485 1788 Fructus
516 1711 744 1813 compositus
777 1709 811 1784 is
845 1724 917 1798 est,
951 1711 1020 1812 qui
1054 1736 1075 1786 e
1106 1713 1247 1810 germi-
1338 1773 1341 1780 .

222 1827 340 1901 nibus
367 1824 614 1899 diversorum
639 1823 790 1900 florum
816 1824 1004 1901 coalescit
1043 1824 1248 1927 Caprifolii

221 1939 372 2032 fructus
403 1937 484 2014 liuc
515 1937 714 2039 pertinent
750 1953 789 2014 et
826 1965 1043 2042 paucarum
1080 1940 1246 2016 aliarum

221 2055 455 2157 plantarum.
962 2153 964 2158 ι

319 2166 506 2266 Strobr'lus
543 2162 592 2239 ad
630 2165 782 2242 fructus
820 2167 1066 2268 compositos
1108 2165 1274 2243 referri'

220 2297 363 2385 potest,
391 2294 457 2357 aut
480 2280 617 2355 locum
642 2280 749 2357 hisce
773 2280 949 2356 vicinum
975 2282 1048 2357 sibi
1065 2281 1245 2356 vindicat

222 2399 361 2475 Oritur
392 2419 437 2472 ex
470 2407 648 2482 amento,
681 2395 846 2470 bracteis
873 2395 1182 2472 excrescentibus
1208 2408 1247 2500 et

220 2510 434 2613 pericarpia
453 2509 684 2608 tegentibus,
711 2506 846 2584 differt
868 2531 964 2583 vero
990 2509 1038 2583 ab
1064 2508 1246 2602 inssores-
1273 2527 1279 2532 ·

222 2621 361 2710 centia,
393 2621 506 2722 quod
535 2637 644 2698 totus
676 2621 832 2698 decidat
864 2635 902 2698 et
934 2623 1053 2698 simrd
1078 2623 1275 2730 pericar-v

220 2738 284 2842 pia
322 2737 479 2812 emittat
541 2735 733 2814 Galbulus
769 2736 944 2837 luniperi
982 2735 1037 2810 nil
1076 2725 1134 2814 est
1168 2737 1244 2812 nisi

221 2851 407 2930 strobilus
431 2851 614 2926 baccatus
637 2864 676 2926 et
700 2851 884 2952 Cupressi
908 2848 1089 2947 galbulus
1106 2877 1128 2928 a
1145 2841 1253 2954 stro--

219 2966 303 3041 bilo
335 2989 419 3042 non
451 2965 526 3040 nisi
559 2961 737 3067 squamis
764 2965 916 3067 peltatis
949 2960 1090 3039 differt.
1152 2965 1242 3042 alni

219 3077 393 3155 fructum
428 3084 664 3156 Gaertnerus
698 3093 902 3154 amentum
927 3093 1041 3156 vocat
1064 3078 1243 3182 strobila-

220 3217 352 3280 ceum,
379 3206 417 3268 et
441 3207 544 3268 certe
569 3220 588 3267 a
615 3192 780 3268 strobilo
808 3191 1048 3268 nullomodo
1076 3191 1216 3271 differt
1263 3259 1267 3266 .

315 3307 594 3408 Fri-ussrnctus
620 3304 669 3381 ad
696 3307 938 3407 compositos
955 3303 1152 3380 referendi
1173 3330 1241 3407 pe-

219 3420 385 3518 ricarpio
420 3420 556 3518 spurio
586 3418 737 3496 inclusi
795 3420 990 3495 Oriuntur
1023 3445 1068 3495 ex
1092 3420 1240 3522 hypanf

82 3541 87 3558 '
219 3532 362 3611 thodio
399 3529 519 3608 llores
556 3547 595 3609 et
631 3533 723 3609 dein
756 3530 907 3609 fructus
938 3531 1166 3612 includente
1203 3549 1242 3612 et

220 3673 311 3724 cum
335 3645 429 3747 ipsis
454 3660 685 3748 maturante.
1232 3731 1236 3744 ι

314 3766 479 3838 Fructus
506 3764 640 3838 velatos
667 3765 906 3838 Gaertnerus
930 3777 1057 3849 vocat,
1084 3763 1153 3864 qui
1179 3789 1240 3840 ca-

218 3877 302 3973 lyce
340 3887 406 3949 aut
442 3874 589 3950 corolla
628 3890 695 3951 aut
731 3870 814 3950 aliis
845 3875 956 3954 floris
986 3876 1163 3982 partibus
1189 3877 1241 3982 ad
1273 3889 1276 3894 ,
1413 3843 1414 3883 ι

219 3989 523 4064 maturationem
548 3993 676 4091 usque
700 3990 996 4093 persistentibus
1020 3990 1071 4066 ita
1087 4005 1240 4098 tegun-
1273 4001 1276 4010 '

220 4118 300 4190 tur,
326 4117 371 4178 ut
394 4101 547 4180 fructus
570 4104 644 4208 ipsi
669 4104 843 4210 conspici
860 4118 1023 4215 queant.
1112 4203 1114 4207 ι
1172 4128 1213 4210 Ι·
