2838 4874
499 375 784 450 sts'rssttn
1082 379 1156 454 tto

129 577 341 680 scriptione
380 574 543 679 probari
585 587 743 676 queat·
766 571 989 652 brinnacum
1036 577 1157 654 aliam
1200 627 1201 632 =

126 692 301 793 plantam
321 691 528 778 habuisse,
554 711 677 790 qrram
702 712 804 788 qnae
826 713 1046 788 synonyma
1078 705 1156 770 tra*
1203 747 1205 752 ψ

128 805 261 882 dunt=
288 808 353 884 Sic
375 828 544 908 quoque
567 802 611 878 in
637 801 807 879 aliorum
833 817 1044 881 auctormn
1067 830 1156 908 spe-
1203 863 1207 866 -

127 920 261 998 ciebus
285 920 499 1021 descriptrs.

225 1040 380 1112 Genera
411 1029 682 1131 grammatices
706 1031 906 1108 Linnaens
935 1057 1020 1111 non
1050 1033 1159 1110 bene

127 1146 309 1224 distinxit
383 1146 619 1233 Glechoma,'
668 1143 902 1222 Melastoma
943 1161 1012 1224 etc
1061 1156 1160 1224 suno
1199 1215 1203 1222 .

125 1275 280 1351 neutra,
313 1265 600 1362 Tragopogon,
633 1262 882 1360 Geropogon
906 1274 975 1338 etc.
999 1285 1155 1340 mascu-

124 1374 223 1464 lina,
255 1388 294 1452 et
325 1374 380 1450 sic
415 1374 587 1476 maliis,
610 1396 715 1474 quae
740 1372 882 1452 omnia
904 1371 1007 1452 facili
1032 1399 1156 1476 nego-

123 1489 181 1566 tio
205 1501 412 1566 mutantur
436 1501 475 1565 et
497 1486 690 1583 mutanda
713 1500 814 1562 sunt

124 1697 227 1792 294.
290 1697 358 1788 Si·
382 1729 549 1818 genero
590 1707 640 1785 et
673 1703 840 1814 species
877 1697 1153 1803 dirimuntur,

166 1839 414 1928 nomina-
453 1836 664 1928 omnino
722 1863 855 1926 nova
917 1839 1191 1928 omnihus*

184 1977 469 2092 generibus
486 1988 537 2065 et
567 1973 829 2096 speciebus
859 1976 1154 2068 tribuantur
1197 2027 1199 2040 ·

184 2115 304 2207 inde
337 2117 472 2207 ortisss

220 2287 324 2364 Cum
356 2299 417 2362 tot
447 2307 589 2385 genera
621 2284 922 2362 sint·memor.·ia
946 2285 1151 2364 retinenda

121 2409 262 2503 totque
280 2400 439 2501 species,
458 2399 508 2475 iis
524 2421 752 2475 succurrere
769 2399 977 2489 debemus,
990 2401 1065 2502 ‘qui
1091 2415 1153 2477 tot

121 2516 287 2591 nomina
300 2513 495 2592 memoria
510 2512 678 2590 retinere
696 2519 780 2588 non
798 2512 941 2590 valent
977 2516 1150 2616 Antiqua

121 2629 242 2726 igitur
265 2651 456 2726 generum
480 2626 645 2705 nomina
671 2626 881 2715 servanda,
911 2651 1012 2727 quae
1035 2627 1150 2704 sami-

121 2741 193 2816 lias
242 2735 456 2840 designent„
531 2741 595 2818 Sic
635 2742 731 2817 Fuci
772 2741 888 2817 Lino
931 2741 1152 2819 Confervae

119 2855 233 2931 Linn.
270 2868 356 2944 etc,
392 2854 559 2932 nomina
599 2854 789 2933 servanda
837 2867 950 2943 sunt,
991 2854 1150 2932 familiis

119 2967 236 3044 hasce
280 2968 439 3070 plantas
489 2968 842 3072 complectentibus
859 2969 1149 3071 imponenda.
1187 3037 1189 3042 .

118 3081 217 3158 Fuci
258 3095 298 3158 et
333 3080 552 3160 Confewae
587 3108 731 3184 genera
767 3108 1020 3186 nuperorum
1051 3105 1148 3159 vero

119 3193 205 3272 aliis
228 3196 463 3274 nominibus
487 3212 581 3274 sunt
604 3195 862 3274 nominanda.¹

218 3310 260 3414 Si
291 3334 457 3414 quoque
493 3335 618 3410 genus
640 3313 776 3388 minus
800 3311 908 3388 hene
932 3308 1148 3386 diremtum

116 3419 253 3510 fiterit,
277 3419 391 3498 facile
416 3448 478 3500 res
503 3426 582 3502 hoc
605 3425 734 3503 modo
758 3423 914 3502 restitui
939 3425 1077 3524 potest.

169 3562 173 3569 ·
215 3535 280 3612 Sic
305 3560 470 3638 quoque
495 3540 706 3640 antiquum
726 3539 871 3641 speciei
889 3559 1041 3614 nomen
1057 3535 1148 3612 reti·

116 3663 272 3738 ocatur,
309 3660 354 3726 ‘et
394 3650 684 3742 consideretur,
724 3657 933 3756 tamquam
967 3651 1147 3752 speciem

114 3763 356 3866 primitivam
393 3766 514 3864 (Μ)
545 3765 702 3842 indicet
757 3770 807 3843 Et
840 3765 1039 3858 confusio
1057 3763 1147 3838 ³on'-

113 3893 191 3966 tur,
220 3878 253 3952 si
267 3880 503 3981 antiquum,
528 3905 678 3956 nomen
703 3879 836 3983 plures
861 3880 1012 3982 species
1037 3901 1183 3954 com-2

112 3992 290 4093 plectens
325 3994 397 4069 uni
433 4008 588 4071 tantum
607 3994 830 4072 tribuatur.
894 3993 997 4071 Male
1027 3991 1147 4088 igitur

112 4105 430 4186 Willdenowius
485 4109 686 4207 Myosotin
741 4109 960 4210 palustrem
1009 4104 1146 4183 Rothii
