2838 4874
326 343 400 421 472
579 339 1092 421 METRODOLOGIA.

323 564 408 617 non
447 539 545 617 licet
605 538 788 617 Praefero
819 537 940 616 rudes
954 558 957 569 ·
970 558 1114 642 parum
1143 565 1321 648 compres-

322 679 400 744 sas,
426 653 667 754 elegantibus
690 654 861 731 maxime
886 655 1131 756 compressis.

416 772 567 845 insecta
591 768 790 845 solutione
813 769 998 846 Mercurii
1025 765 1222 846 sublimati
1249 793 1322 848 cor-

319 881 439 958 rosiu‘
482 882 636 958 chartae
674 895 741 958 aut
777 881 954 958 caulibus
988 881 1103 971 illita,
1133 894 1220 958 tum
1248 908 1322 962 arca

318 997 391 1072 rite
416 994 633 1071 claudenda
659 1008 870 1073 arceantur.
959 1077 962 1085 ,

413 1109 549 1185 Flores
583 1107 816 1186 difficillime
856 1105 1091 1196 exsiccandi,
1133 1129 1164 1184 e.
1196 1130 1228 1205 g.
1258 1112 1321 1188 Or-

318 1220 549 1298 chidearum
574 1235 612 1298 et
637 1224 964 1304 Scitaminearum
989 1221 1131 1323 spiritu
1147 1220 1225 1296 vini
1241 1247 1322 1298 con·

316 1334 505 1410 servandi.
561 1337 611 1411 At
632 1334 757 1436 *fungi
788 1335 931 1414 melius
964 1333 1192 1424 exsiccandi.
1236 1339 1322 1434 Aga-

313 1447 382 1523 rici
402 1461 440 1523 et
454 1447 581 1524 Boleti
605 1448 774 1547 majores
800 1450 1084 1528 carnosinullo
1101 1448 1226 1525 modo
1240 1473 1321 1525 con

313 1559 504 1649 servandi,
534 1561 604 1638 sed
628 1563 733 1641 illico
757 1563 958 1666 pingendi.
1006 1565 1080 1640 Ars
1104 1559 1251 1664 plantas
1272 1587 1320 1639 sa·
1374 1541 1375 1610 l

312 1675 411 1753 bulo
438 1675 567 1752 calido
594 1677 809 1754 exsiccandi
835 1675 938 1754 forte
962 1701 1047 1752 non
1076 1675 1306 1776 negligenda.
1374 1681 1375 1700 ¹

311 1845 413 1941 249.
474 1849 688 1938 Herbalio
731 1863 781 1940 et
820 1849 976 1940 tironi
1008 1863 1059 1940 et
1089 1847 1316 1939 Bolanico

255 2099 257 2105 Ι
370 1988 523 2096 utilis3
600 1988 1028 2107 peregrinationes
1105 1987 1317 2078 tironum
1374 2067 1375 2112 ÷

368 2125 584 2230 inutiles.
632 2126 753 2218 dum
783 2127 1145 2219 Botanicorum
1180 2124 1316 2216 utilis·

370 2293 536 2356 srmae.
865 2297 867 2304 ’

402 2419 589 2498 Herbatio
613 2420 803 2499 Botanico
829 2417 1019 2523 proficua,
1043 2434 1090 2498 ut
1105 2444 1225 2498 novas
1248 2415 1313 2494 dif-

305 2531 486 2609 ferentias
510 2535 729 2636 specierum
755 2558 799 2610 ex
823 2531 973 2631 habitu
986 2549 1162 2636 quaerat,
1193 2546 1238 2610 ut
1258 2557 1312 2607 va-

303 2646 460 2726 rietates,
488 2673 510 2724 a
534 2648 738 2749 speciebus
763 2648 990 2745 distinguat,
1013 2661 1061 2725 ut
1083 2645 1311 2750 physiologi·
1373 2645 1374 2648 ’

303 2784 366 2836 cas
389 2758 508 2838 saciat
528 2762 829 2867 obseruationes.

396 2875 540 2952 Itinera
569 2874 752 2953 butanica
781 2874 970 2978 pleraque
995 2899 1016 2950 a
1040 2873 1237 2952 tironibus
1259 2871 1309 2947 in·
1373 2907 1374 2963 i

300 2984 533 3078 stituuntur',
566 2987 659 3064 hinc
690 3013 828 3066 manca
853 3002 987 3065 nostra
1012 2987 1196 3087 cognitio.
1242 2989 1309 3063 Bo-

298 3101 415 3176 tanici
452 3101 495 3177 in
532 3103 681 3178 mancis
720 3103 803 3180 istis
842 3101 1182 3179 observationibus
1216 3101 1307 3176 intra

298 3211 527 3289 cubiculum
553 3215 757 3293 scientiam
781 3215 893 3292 irrito
918 3215 1055 3292 labore
1079 3227 1278 3318 quaerunt

278 3385 397 3477 950.
458 3386 629 3478 Hortus
647 3375 898 3479 botonicus
919 3388 1155 3481 omnibus
1173 3411 1303 3507 prae·

276 3543 279 3550 ·
356 3535 452 3616 stat
483 3525 733 3636 subsidiis3
764 3553 975 3657 mancus
1004 3541 1177 3621 tamen
1205 3525 1301 3616 abs·
1372 3517 1373 3527 Ν

253 3742 255 3748 .
357 3692 454 3785 que
486 3663 806 3758 bibliotheca.
1206 3670 1209 3678 ’

388 3837 502 3916 Horti
533 3837 705 3915 botanici
740 3836 888 3940 absque
919 3837 1156 3918 bibliotheca
1192 3847 1297 3939 quot·

293 3952 414 4028 annis
439 3953 585 4055 species
623 3977 746 4030 novas
775 3950 985 4055 proferunt
1013 3953 1295 4059 comparatione

292 4079 330 4142 et
354 4065 625 4146 observatione
648 4093 743 4147 mox
767 4082 1044 4146 evanescentes
1155 4107 1159 4116 ⁴
1184 4123 1187 4131 ψ
