<?xml version="1.0" encoding="UTF-8"?>
<!DOCTYPE html PUBLIC "-//W3C//DTD XHTML 1.0 Transitional//EN"
    "http://www.w3.org/TR/xhtml1/DTD/xhtml1-transitional.dtd">
<html xmlns="http://www.w3.org/1999/xhtml" xml:lang="en" lang="en">
 <head>
  <title>
</title>
<meta http-equiv="Content-Type" content="text/html;charset=utf-8" />
  <meta name='ocr-system' content='tesseract 3.04.00' />
  <meta name='ocr-capabilities' content='ocr_page ocr_carea ocr_par ocr_line ocrx_word'/>
</head>
<body>
  <div class='ocr_page' id='page_1' title='image "./elementaphiloso00linkgoog_0341.png"; bbox 0 0 2836 4878; ppageno 0'>
   <div class='ocr_carea' id='block_1_1' title="bbox 224 379 893 460">
    <p class='ocr_par' dir='ltr' id='par_1_1' title="bbox 224 379 893 460">
     <span class='ocr_line' id='line_1_1' title="bbox 224 379 893 460; baseline -0.009 0"><span class='ocrx_word' id='word_1_1' title='bbox 224 383 310 460; x_wconf 73' lang='grc'>,332</span> <span class='ocrx_word' id='word_1_2' title='bbox 603 379 893 460; x_wconf 74' lang='lat' dir='ltr'><strong>FRUCTUS.</strong></span> 
     </span>
    </p>
   </div>
   <div class='ocr_carea' id='block_1_2' title="bbox 225 578 1270 2048">
    <p class='ocr_par' dir='ltr' id='par_1_2' title="bbox 225 578 1265 1817">
     <span class='ocr_line' id='line_1_2' title="bbox 234 578 1265 683; baseline -0.001 -24"><span class='ocrx_word' id='word_1_3' title='bbox 234 583 315 660; x_wconf 75' lang='lat' dir='ltr'>hut</span> <span class='ocrx_word' id='word_1_4' title='bbox 346 579 507 683; x_wconf 84' lang='lat' dir='ltr'>cellulae</span> <span class='ocrx_word' id='word_1_5' title='bbox 539 579 595 656; x_wconf 90' lang='lat' dir='ltr'>ibi</span> <span class='ocrx_word' id='word_1_6' title='bbox 625 579 804 657; x_wconf 88' lang='lat' dir='ltr'>minores</span> <span class='ocrx_word' id='word_1_7' title='bbox 829 590 923 654; x_wconf 90' lang='lat' dir='ltr'>sunt</span> <span class='ocrx_word' id='word_1_8' title='bbox 947 603 990 656; x_wconf 93' lang='lat' dir='ltr'>ac</span> <span class='ocrx_word' id='word_1_9' title='bbox 1014 578 1057 655; x_wconf 89' lang='lat' dir='ltr'>in</span> <span class='ocrx_word' id='word_1_10' title='bbox 1083 579 1182 662; x_wconf 90' lang='lat' dir='ltr'>locis</span> <span class='ocrx_word' id='word_1_11' title='bbox 1206 582 1265 658; x_wconf 83' lang='lat' dir='ltr'>ri-</span> 
     </span>
     <span class='ocr_line' id='line_1_3' title="bbox 236 691 1262 794; baseline 0.002 -22"><span class='ocrx_word' id='word_1_12' title='bbox 236 697 333 774; x_wconf 92' lang='lat' dir='ltr'>cinis</span> <span class='ocrx_word' id='word_1_13' title='bbox 368 695 427 772; x_wconf 89' lang='lat' dir='ltr'>uti</span> <span class='ocrx_word' id='word_1_14' title='bbox 465 691 490 768; x_wconf 86' lang='lat' dir='ltr'>f.</span> <span class='ocrx_word' id='word_1_15' title='bbox 522 697 598 780; x_wconf 70' lang='lat'>³8,</span> <span class='ocrx_word' id='word_1_16' title='bbox 637 707 705 769; x_wconf 85' lang='lat' dir='ltr'>aut</span> <span class='ocrx_word' id='word_1_17' title='bbox 735 691 986 770; x_wconf 80' lang='lat' dir='ltr'><strong>transversim</strong></span> <span class='ocrx_word' id='word_1_18' title='bbox 1017 695 1169 794; x_wconf 83' lang='lat' dir='ltr'>positae</span> <span class='ocrx_word' id='word_1_19' title='bbox 1200 697 1262 773; x_wconf 81' lang='lat' dir='ltr'>uti</span> 
     </span>
     <span class='ocr_line' id='line_1_4' title="bbox 233 795 1263 909; baseline 0 -23"><span class='ocrx_word' id='word_1_20' title='bbox 233 807 260 886; x_wconf 83' lang='lat' dir='ltr'>s.</span> <span class='ocrx_word' id='word_1_21' title='bbox 289 814 347 886; x_wconf 81' lang='grc'>39.</span> <span class='ocrx_word' id='word_1_22' title='bbox 373 795 375 809; x_wconf 70' lang='grc'><strong><em>’</em></strong></span> <span class='ocrx_word' id='word_1_23' title='bbox 402 804 509 886; x_wconf 91' lang='lat' dir='ltr'>lllud</span> <span class='ocrx_word' id='word_1_24' title='bbox 539 805 777 909; x_wconf 89' lang='lat' dir='ltr'>plerumque</span> <span class='ocrx_word' id='word_1_25' title='bbox 806 806 943 883; x_wconf 90' lang='lat' dir='ltr'>locum</span> <span class='ocrx_word' id='word_1_26' title='bbox 973 807 1094 886; x_wconf 90' lang='lat' dir='ltr'>habet</span> <span class='ocrx_word' id='word_1_27' title='bbox 1124 811 1166 886; x_wconf 91' lang='lat' dir='ltr'>in</span> <span class='ocrx_word' id='word_1_28' title='bbox 1194 810 1263 887; x_wconf 91' lang='lat' dir='ltr'>de-</span> 
     </span>
     <span class='ocr_line' id='line_1_5' title="bbox 233 919 1260 1018; baseline -0.002 -18"><span class='ocrx_word' id='word_1_29' title='bbox 233 921 424 1000; x_wconf 91' lang='lat' dir='ltr'>hiscentia</span> <span class='ocrx_word' id='word_1_30' title='bbox 472 919 768 1018; x_wconf 86' lang='lat' dir='ltr'>longitudinali,</span> <span class='ocrx_word' id='word_1_31' title='bbox 812 919 891 1012; x_wconf 76' lang='lat' dir='ltr'>hjoc</span> <span class='ocrx_word' id='word_1_32' title='bbox 931 921 974 995; x_wconf 93' lang='lat' dir='ltr'>in</span> <span class='ocrx_word' id='word_1_33' title='bbox 1015 925 1260 1000; x_wconf 84' lang='lat' dir='ltr'>transversali</span> 
     </span>
     <span class='ocr_line' id='line_1_6' title="bbox 233 1034 1259 1116; baseline 0.002 -4"><span class='ocrx_word' id='word_1_34' title='bbox 233 1061 305 1116; x_wconf 92' lang='lat' dir='ltr'>seu</span> <span class='ocrx_word' id='word_1_35' title='bbox 345 1034 621 1112; x_wconf 87' lang='lat' dir='ltr'>circumscissa.</span> <span class='ocrx_word' id='word_1_36' title='bbox 685 1040 780 1112; x_wconf 90' lang='lat' dir='ltr'>Post</span> <span class='ocrx_word' id='word_1_37' title='bbox 818 1034 1102 1116; x_wconf 87' lang='lat' dir='ltr'>dehiscentiam</span> <span class='ocrx_word' id='word_1_38' title='bbox 1146 1037 1259 1114; x_wconf 90' lang='lat' dir='ltr'>refle-</span> 
     </span>
     <span class='ocr_line' id='line_1_7' title="bbox 232 1151 1257 1250; baseline 0.002 -24"><span class='ocrx_word' id='word_1_39' title='bbox 232 1163 393 1230; x_wconf 86' lang='lat' dir='ltr'>ctuntur</span> <span class='ocrx_word' id='word_1_40' title='bbox 429 1163 496 1224; x_wconf 88' lang='lat' dir='ltr'>aut</span> <span class='ocrx_word' id='word_1_41' title='bbox 531 1161 773 1250; x_wconf 85' lang='lat' dir='ltr'>torquentur</span> <span class='ocrx_word' id='word_1_42' title='bbox 806 1171 891 1224; x_wconf 89' lang='lat' dir='ltr'>non</span> <span class='ocrx_word' id='word_1_43' title='bbox 933 1175 1024 1226; x_wconf 87' lang='lat' dir='ltr'>raro</span> <span class='ocrx_word' id='word_1_44' title='bbox 1066 1151 1257 1240; x_wconf 86' lang='lat' dir='ltr'>valvulae,</span> 
     </span>
     <span class='ocr_line' id='line_1_8' title="bbox 225 1262 1257 1364; baseline 0.004 -28"><span class='ocrx_word' id='word_1_45' title='bbox 225 1286 305 1342; x_wconf 44' lang='lat' dir='ltr'>,nec</span> <span class='ocrx_word' id='word_1_46' title='bbox 329 1287 413 1338; x_wconf 93' lang='lat' dir='ltr'>non</span> <span class='ocrx_word' id='word_1_47' title='bbox 439 1262 588 1340; x_wconf 91' lang='lat' dir='ltr'>semina</span> <span class='ocrx_word' id='word_1_48' title='bbox 615 1262 841 1364; x_wconf 79' lang='lat' dir='ltr'><strong>explodunt,</strong></span> <span class='ocrx_word' id='word_1_49' title='bbox 868 1263 1020 1364; x_wconf 91' lang='lat' dir='ltr'>quoda</span> <span class='ocrx_word' id='word_1_50' title='bbox 1038 1263 1257 1341; x_wconf 81' lang='lat' dir='ltr'>directione</span> 
     </span>
     <span class='ocr_line' id='line_1_9' title="bbox 229 1377 1256 1477; baseline 0.001 -20"><span class='ocrx_word' id='word_1_51' title='bbox 229 1379 424 1458; x_wconf 88' lang='lat' dir='ltr'>fibrarum</span> <span class='ocrx_word' id='word_1_52' title='bbox 462 1377 557 1475; x_wconf 87' lang='lat' dir='ltr'>(seu</span> <span class='ocrx_word' id='word_1_53' title='bbox 592 1378 726 1477; x_wconf 92' lang='lat' dir='ltr'>potius</span> <span class='ocrx_word' id='word_1_54' title='bbox 763 1379 956 1454; x_wconf 87' lang='lat' dir='ltr'>serierum</span> <span class='ocrx_word' id='word_1_55' title='bbox 998 1378 1256 1476; x_wconf 81' lang='lat' dir='ltr'>cellularum)</span> 
     </span>
     <span class='ocr_line' id='line_1_10' title="bbox 231 1488 1255 1591; baseline -0.008 -17"><span class='ocrx_word' id='word_1_56' title='bbox 231 1495 327 1574; x_wconf 87' lang='lat' dir='ltr'>oriri</span> <span class='ocrx_word' id='word_1_57' title='bbox 359 1490 439 1590; x_wconf 89' lang='lat' dir='ltr'>jam</span> <span class='ocrx_word' id='word_1_58' title='bbox 479 1488 724 1568; x_wconf 81' lang='lat' dir='ltr'>Tournefort</span> <span class='ocrx_word' id='word_1_59' title='bbox 766 1491 864 1567; x_wconf 87' lang='lat' dir='ltr'>vidit</span> <span class='ocrx_word' id='word_1_60' title='bbox 910 1493 1050 1591; x_wconf 85' lang='lat' dir='ltr'>(Mem.</span> <span class='ocrx_word' id='word_1_61' title='bbox 1085 1492 1135 1570; x_wconf 92' lang='lat' dir='ltr'>de</span> <span class='ocrx_word' id='word_1_62' title='bbox 1168 1492 1255 1569; x_wconf 80' lang='lat' dir='ltr'>l&#39;ac.</span> 
     </span>
     <span class='ocr_line' id='line_1_11' title="bbox 231 1605 1254 1709; baseline 0.002 -29"><span class='ocrx_word' id='word_1_63' title='bbox 231 1611 336 1688; x_wconf 70' lang='lat'>1692</span> <span class='ocrx_word' id='word_1_64' title='bbox 359 1634 397 1709; x_wconf 91' lang='lat' dir='ltr'>p.</span> <span class='ocrx_word' id='word_1_65' title='bbox 422 1609 503 1680; x_wconf 88' lang='grc'><strong>161.</strong></span> <span class='ocrx_word' id='word_1_66' title='bbox 530 1606 635 1678; x_wconf 85' lang='grc'><strong>1693.</strong></span> <span class='ocrx_word' id='word_1_67' title='bbox 660 1630 697 1704; x_wconf 90' lang='lat' dir='ltr'>p.</span> <span class='ocrx_word' id='word_1_68' title='bbox 723 1605 839 1700; x_wconf 71' lang='lat'>152).</span> <span class='ocrx_word' id='word_1_69' title='bbox 895 1609 929 1683; x_wconf 84' lang='lat' dir='ltr'>A</span> <span class='ocrx_word' id='word_1_70' title='bbox 953 1606 1145 1704; x_wconf 90' lang='lat' dir='ltr'>stylobasi</span> <span class='ocrx_word' id='word_1_71' title='bbox 1159 1606 1254 1682; x_wconf 91' lang='lat' dir='ltr'>resi-</span> 
     </span>
     <span class='ocr_line' id='line_1_12' title="bbox 228 1716 816 1817; baseline -0.01 -19"><span class='ocrx_word' id='word_1_72' title='bbox 228 1722 332 1800; x_wconf 90' lang='lat' dir='ltr'>liunt</span> <span class='ocrx_word' id='word_1_73' title='bbox 355 1743 481 1794; x_wconf 86' lang='lat' dir='ltr'>coeca·</span> <span class='ocrx_word' id='word_1_74' title='bbox 495 1718 538 1794; x_wconf 93' lang='lat' dir='ltr'>in</span> <span class='ocrx_word' id='word_1_75' title='bbox 563 1716 816 1817; x_wconf 87' lang='lat' dir='ltr'>Euphorbiis.</span> 
     </span>
    </p>

    <p class='ocr_par' dir='ltr' id='par_1_3' title="bbox 227 1832 1270 2048">
     <span class='ocr_line' id='line_1_13' title="bbox 227 1832 1270 1935; baseline 0.001 -26"><span class='ocrx_word' id='word_1_76' title='bbox 227 1909 230 1918; x_wconf 75' lang='grc'>,</span> <span class='ocrx_word' id='word_1_77' title='bbox 325 1832 546 1909; x_wconf 87' lang='lat' dir='ltr'>Dehiscunt</span> <span class='ocrx_word' id='word_1_78' title='bbox 568 1832 785 1933; x_wconf 89' lang='lat' dir='ltr'>pericarpia</span> <span class='ocrx_word' id='word_1_79' title='bbox 806 1862 902 1935; x_wconf 86' lang='lat' dir='ltr'>poro</span> <span class='ocrx_word' id='word_1_80' title='bbox 927 1835 1048 1930; x_wconf 85' lang='lat' dir='ltr'>unico</span> <span class='ocrx_word' id='word_1_81' title='bbox 1076 1847 1144 1910; x_wconf 91' lang='lat' dir='ltr'>aut</span> <span class='ocrx_word' id='word_1_82' title='bbox 1167 1833 1270 1935; x_wconf 92' lang='lat' dir='ltr'>plu-.</span> 
     </span>
     <span class='ocr_line' id='line_1_14' title="bbox 228 1941 1261 2048; baseline -0.002 -22"><span class='ocrx_word' id='word_1_83' title='bbox 228 1949 356 2036; x_wconf 85' lang='lat' dir='ltr'>ribus,</span> <span class='ocrx_word' id='word_1_84' title='bbox 393 1948 503 2048; x_wconf 82' lang='lat' dir='ltr'>apice</span> <span class='ocrx_word' id='word_1_85' title='bbox 535 1959 690 2022; x_wconf 90' lang='lat' dir='ltr'>tanturn</span> <span class='ocrx_word' id='word_1_86' title='bbox 722 1971 793 2023; x_wconf 91' lang='lat' dir='ltr'>seu</span> <span class='ocrx_word' id='word_1_87' title='bbox 824 1941 1015 2036; x_wconf 73' lang='lat' dir='ltr'>dentibus]</span> <span class='ocrx_word' id='word_1_88' title='bbox 1034 1979 1041 2006; x_wconf 61' lang='lat'>³</span> <span class='ocrx_word' id='word_1_89' title='bbox 1053 1947 1104 2023; x_wconf 93' lang='lat' dir='ltr'>ad</span> <span class='ocrx_word' id='word_1_90' title='bbox 1137 1947 1261 2024; x_wconf 70' lang='lat' dir='ltr'>dimi.</span> 
     </span>
    </p>
   </div>
   <div class='ocr_carea' id='block_1_3' title="bbox 229 2057 1366 2162">
    <p class='ocr_par' dir='ltr' id='par_1_4' title="bbox 229 2057 1366 2162">
     <span class='ocr_line' id='line_1_15' title="bbox 229 2057 1366 2162; baseline -0.004 -23"><span class='ocrx_word' id='word_1_91' title='bbox 229 2063 343 2140; x_wconf 94' lang='lat' dir='ltr'>dium</span> <span class='ocrx_word' id='word_1_92' title='bbox 378 2084 522 2162; x_wconf 87' lang='lat' dir='ltr'>usque,</span> <span class='ocrx_word' id='word_1_93' title='bbox 561 2057 598 2134; x_wconf 89' lang='lat' dir='ltr'>d.</span> <span class='ocrx_word' id='word_1_94' title='bbox 629 2059 1028 2151; x_wconf 61' lang='lat' dir='ltr'>cnuthi-multicolori,</span> <span class='ocrx_word' id='word_1_95' title='bbox 1067 2061 1182 2162; x_wconf 90' lang='lat' dir='ltr'>plane</span> <span class='ocrx_word' id='word_1_96' title='bbox 1215 2061 1252 2137; x_wconf 92' lang='lat' dir='ltr'>d.</span> <span class='ocrx_word' id='word_1_97' title='bbox 1360 2079 1366 2090; x_wconf 91' lang='grc'><strong>’</strong></span> 
     </span>
    </p>
   </div>
   <div class='ocr_carea' id='block_1_4' title="bbox 156 2171 1252 4214">
    <p class='ocr_par' dir='ltr' id='par_1_5' title="bbox 156 2171 1252 3516">
     <span class='ocr_line' id='line_1_16' title="bbox 227 2171 1252 2277; baseline -0.002 -23"><span class='ocrx_word' id='word_1_98' title='bbox 227 2176 529 2260; x_wconf 71' lang='lat' dir='ltr'>bi-multioaun,</span> <span class='ocrx_word' id='word_1_99' title='bbox 570 2187 608 2248; x_wconf 94' lang='lat' dir='ltr'>et</span> <span class='ocrx_word' id='word_1_100' title='bbox 638 2171 802 2273; x_wconf 91' lang='lat' dir='ltr'>quidem</span> <span class='ocrx_word' id='word_1_101' title='bbox 836 2175 885 2250; x_wconf 91' lang='lat' dir='ltr'>ab</span> <span class='ocrx_word' id='word_1_102' title='bbox 918 2174 1029 2274; x_wconf 89' lang='lat' dir='ltr'>apice</span> <span class='ocrx_word' id='word_1_103' title='bbox 1059 2175 1252 2277; x_wconf 89' lang='lat' dir='ltr'>incipiens</span> 
     </span>
     <span class='ocr_line' id='line_1_17' title="bbox 225 2287 1251 2395; baseline -0.004 -25"><span class='ocrx_word' id='word_1_104' title='bbox 225 2292 284 2370; x_wconf 88' lang='lat' dir='ltr'>uti</span> <span class='ocrx_word' id='word_1_105' title='bbox 310 2292 557 2395; x_wconf 87' lang='lat' dir='ltr'>plerumque,</span> <span class='ocrx_word' id='word_1_106' title='bbox 584 2300 651 2362; x_wconf 90' lang='lat' dir='ltr'>aut</span> <span class='ocrx_word' id='word_1_107' title='bbox 675 2287 796 2362; x_wconf 88' lang='lat' dir='ltr'>abasi</span> <span class='ocrx_word' id='word_1_108' title='bbox 818 2288 1117 2390; x_wconf 85' lang='lat' dir='ltr'>(Euphorbiae).</span> <span class='ocrx_word' id='word_1_109' title='bbox 1166 2291 1251 2368; x_wconf 75' lang='lat' dir='ltr'>Ea&gt;-</span> 
     </span>
     <span class='ocr_line' id='line_1_18' title="bbox 226 2401 1251 2501; baseline -0.005 -18"><span class='ocrx_word' id='word_1_110' title='bbox 226 2423 389 2486; x_wconf 82' lang='lat' dir='ltr'>trorsum</span> <span class='ocrx_word' id='word_1_111' title='bbox 412 2403 458 2478; x_wconf 84' lang='lat' dir='ltr'>fit</span> <span class='ocrx_word' id='word_1_112' title='bbox 481 2402 540 2478; x_wconf 89' lang='lat' dir='ltr'>uti</span> <span class='ocrx_word' id='word_1_113' title='bbox 565 2401 821 2501; x_wconf 87' lang='lat' dir='ltr'>plerumque,</span> <span class='ocrx_word' id='word_1_114' title='bbox 847 2415 915 2479; x_wconf 81' lang='lat' dir='ltr'>aut</span> <span class='ocrx_word' id='word_1_115' title='bbox 939 2403 1144 2480; x_wconf 81' lang='lat' dir='ltr'>r&#39;rrtrorsum</span> <span class='ocrx_word' id='word_1_116' title='bbox 1157 2429 1251 2480; x_wconf 70' lang='lat' dir='ltr'>rer-</span> 
     </span>
     <span class='ocr_line' id='line_1_19' title="bbox 224 2514 1250 2613; baseline -0.003 -16"><span class='ocrx_word' id='word_1_117' title='bbox 224 2547 292 2596; x_wconf 93' lang='lat' dir='ltr'>sus</span> <span class='ocrx_word' id='word_1_118' title='bbox 317 2543 427 2595; x_wconf 85' lang='lat' dir='ltr'>axem</span> <span class='ocrx_word' id='word_1_119' title='bbox 451 2515 602 2592; x_wconf 77' lang='lat' dir='ltr'>fructus</span> <span class='ocrx_word' id='word_1_120' title='bbox 627 2514 888 2613; x_wconf 86' lang='lat' dir='ltr'>(Hellehorus</span> <span class='ocrx_word' id='word_1_121' title='bbox 914 2516 1007 2612; x_wconf 87' lang='lat' dir='ltr'>etc.)</span> <span class='ocrx_word' id='word_1_122' title='bbox 1040 2531 1108 2593; x_wconf 92' lang='lat' dir='ltr'>aut</span> <span class='ocrx_word' id='word_1_123' title='bbox 1132 2521 1250 2594; x_wconf 79' lang='lat' dir='ltr'>utrriz-</span> 
     </span>
     <span class='ocr_line' id='line_1_20' title="bbox 156 2627 1249 2742; baseline 0 -32"><span class='ocrx_word' id='word_1_124' title='bbox 156 2724 158 2732; x_wconf 53' lang='lat'>,</span> <span class='ocrx_word' id='word_1_125' title='bbox 224 2663 298 2742; x_wconf 79' lang='lat' dir='ltr'>que</span> <span class='ocrx_word' id='word_1_126' title='bbox 322 2630 531 2734; x_wconf 85' lang='lat' dir='ltr'>(siliquae).</span> <span class='ocrx_word' id='word_1_127' title='bbox 575 2633 682 2704; x_wconf 89' lang='lat' dir='ltr'>Tum</span> <span class='ocrx_word' id='word_1_128' title='bbox 699 2628 749 2704; x_wconf 92' lang='lat' dir='ltr'>ad</span> <span class='ocrx_word' id='word_1_129' title='bbox 768 2627 1064 2730; x_wconf 90' lang='lat' dir='ltr'>dissepimenta,</span> <span class='ocrx_word' id='word_1_130' title='bbox 1089 2636 1124 2709; x_wconf 86' lang='lat' dir='ltr'>d.</span> <span class='ocrx_word' id='word_1_131' title='bbox 1142 2635 1249 2735; x_wconf 83' lang='lat' dir='ltr'>septi-</span> 
     </span>
     <span class='ocr_line' id='line_1_21' title="bbox 222 2741 1249 2844; baseline -0.006 -18"><span class='ocrx_word' id='word_1_132' title='bbox 222 2751 325 2837; x_wconf 84' lang='lat' dir='ltr'>eida,</span> <span class='ocrx_word' id='word_1_133' title='bbox 359 2761 426 2824; x_wconf 89' lang='lat' dir='ltr'>aut</span> <span class='ocrx_word' id='word_1_134' title='bbox 456 2746 488 2821; x_wconf 90' lang='lat' dir='ltr'>si</span> <span class='ocrx_word' id='word_1_135' title='bbox 521 2756 628 2844; x_wconf 86' lang='lat' dir='ltr'>septa</span> <span class='ocrx_word' id='word_1_136' title='bbox 660 2741 851 2818; x_wconf 88' lang='lat' dir='ltr'>deficiunt</span> <span class='ocrx_word' id='word_1_137' title='bbox 876 2742 926 2819; x_wconf 87' lang='lat' dir='ltr'>ad</span> <span class='ocrx_word' id='word_1_138' title='bbox 951 2746 1147 2843; x_wconf 83' lang='lat' dir='ltr'>margines</span> <span class='ocrx_word' id='word_1_139' title='bbox 1171 2745 1249 2822; x_wconf 89' lang='lat' dir='ltr'>val·</span> 
     </span>
     <span class='ocr_line' id='line_1_22' title="bbox 223 2857 1248 2958; baseline -0.005 -18"><span class='ocrx_word' id='word_1_140' title='bbox 223 2887 363 2940; x_wconf 87' lang='lat' dir='ltr'>varum</span> <span class='ocrx_word' id='word_1_141' title='bbox 394 2863 429 2939; x_wconf 87' lang='lat' dir='ltr'>d.</span> <span class='ocrx_word' id='word_1_142' title='bbox 465 2860 703 2958; x_wconf 79' lang='lat' dir='ltr'>marginalis,</span> <span class='ocrx_word' id='word_1_143' title='bbox 730 2857 864 2932; x_wconf 91' lang='lat' dir='ltr'>autin</span> <span class='ocrx_word' id='word_1_144' title='bbox 891 2857 1012 2934; x_wconf 91' lang='lat' dir='ltr'>dorso</span> <span class='ocrx_word' id='word_1_145' title='bbox 1037 2860 1248 2947; x_wconf 86' lang='lat' dir='ltr'>valvarum,</span> 
     </span>
     <span class='ocr_line' id='line_1_23' title="bbox 221 2970 1248 3073; baseline -0.009 -19"><span class='ocrx_word' id='word_1_146' title='bbox 221 2981 259 3064; x_wconf 82' lang='lat' dir='ltr'>d.</span> <span class='ocrx_word' id='word_1_147' title='bbox 291 2975 499 3053; x_wconf 73' lang='lat' dir='ltr'>Ioculrcrllu.</span> <span class='ocrx_word' id='word_1_148' title='bbox 560 2972 777 3057; x_wconf 79' lang='lat' dir='ltr'>Solvuntur</span> <span class='ocrx_word' id='word_1_149' title='bbox 810 2970 1086 3073; x_wconf 89' lang='lat' dir='ltr'>dissepimenta</span> <span class='ocrx_word' id='word_1_150' title='bbox 1124 2972 1248 3070; x_wconf 82' lang='lat' dir='ltr'>aval-</span> 
     </span>
     <span class='ocr_line' id='line_1_24' title="bbox 222 3085 1248 3188; baseline -0.001 -26"><span class='ocrx_word' id='word_1_151' title='bbox 222 3092 322 3168; x_wconf 87' lang='lat' dir='ltr'>vulis</span> <span class='ocrx_word' id='word_1_152' title='bbox 356 3105 393 3168; x_wconf 87' lang='lat' dir='ltr'>et</span> <span class='ocrx_word' id='word_1_153' title='bbox 425 3088 483 3165; x_wconf 83' lang='lat' dir='ltr'>ari</span> <span class='ocrx_word' id='word_1_154' title='bbox 517 3085 744 3174; x_wconf 88' lang='lat' dir='ltr'>adhaerent,</span> <span class='ocrx_word' id='word_1_155' title='bbox 778 3089 812 3162; x_wconf 86' lang='lat' dir='ltr'>d.</span> <span class='ocrx_word' id='word_1_156' title='bbox 834 3089 1045 3188; x_wconf 75' lang='lat' dir='ltr'>parz’etalir,</span> <span class='ocrx_word' id='word_1_157' title='bbox 1079 3098 1147 3162; x_wconf 90' lang='lat' dir='ltr'>aut</span> <span class='ocrx_word' id='word_1_158' title='bbox 1170 3085 1248 3162; x_wconf 91' lang='lat' dir='ltr'>sol-</span> 
     </span>
     <span class='ocr_line' id='line_1_25' title="bbox 221 3199 1247 3301; baseline -0.007 -19"><span class='ocrx_word' id='word_1_159' title='bbox 221 3218 369 3282; x_wconf 82' lang='lat' dir='ltr'>vuntur</span> <span class='ocrx_word' id='word_1_160' title='bbox 393 3205 441 3278; x_wconf 91' lang='lat' dir='ltr'>ab</span> <span class='ocrx_word' id='word_1_161' title='bbox 468 3202 526 3277; x_wconf 85' lang='lat' dir='ltr'>axi</span> <span class='ocrx_word' id='word_1_162' title='bbox 554 3215 592 3276; x_wconf 93' lang='lat' dir='ltr'>et</span> <span class='ocrx_word' id='word_1_163' title='bbox 614 3201 829 3301; x_wconf 89' lang='lat' dir='ltr'>parietibus</span> <span class='ocrx_word' id='word_1_164' title='bbox 855 3199 1078 3288; x_wconf 82' lang='lat' dir='ltr'>adhaerent,</span> <span class='ocrx_word' id='word_1_165' title='bbox 1103 3203 1140 3276; x_wconf 89' lang='lat' dir='ltr'>d.</span> <span class='ocrx_word' id='word_1_166' title='bbox 1164 3229 1247 3276; x_wconf 83' lang='lat' dir='ltr'>cen-</span> 
     </span>
     <span class='ocr_line' id='line_1_26' title="bbox 221 3313 1246 3415; baseline -0.003 -21"><span class='ocrx_word' id='word_1_167' title='bbox 221 3318 341 3402; x_wconf 81' lang='lat' dir='ltr'>tralis,</span> <span class='ocrx_word' id='word_1_168' title='bbox 383 3330 450 3391; x_wconf 87' lang='lat' dir='ltr'>aut</span> <span class='ocrx_word' id='word_1_169' title='bbox 490 3314 678 3415; x_wconf 85' lang='lat' dir='ltr'>utrinque</span> <span class='ocrx_word' id='word_1_170' title='bbox 716 3314 929 3390; x_wconf 86' lang='lat' dir='ltr'>adhaerent</span> <span class='ocrx_word' id='word_1_171' title='bbox 967 3327 1005 3389; x_wconf 91' lang='lat' dir='ltr'>et</span> <span class='ocrx_word' id='word_1_172' title='bbox 1036 3313 1246 3410; x_wconf 87' lang='lat' dir='ltr'>columella</span> 
     </span>
     <span class='ocr_line' id='line_1_27' title="bbox 223 3429 685 3516; baseline -0.011 -9"><span class='ocrx_word' id='word_1_173' title='bbox 223 3429 431 3516; x_wconf 87' lang='lat' dir='ltr'>dividitur,</span> <span class='ocrx_word' id='word_1_174' title='bbox 456 3431 491 3505; x_wconf 84' lang='lat' dir='ltr'>d.</span> <span class='ocrx_word' id='word_1_175' title='bbox 519 3430 685 3505; x_wconf 71' lang='lat' dir='ltr'>centrzcn.</span> 
     </span>
    </p>

    <p class='ocr_par' dir='ltr' id='par_1_6' title="bbox 192 3539 1246 4214">
     <span class='ocr_line' id='line_1_28' title="bbox 318 3539 1246 3646; baseline -0.003 -25"><span class='ocrx_word' id='word_1_176' title='bbox 318 3547 420 3622; x_wconf 88' lang='lat' dir='ltr'>Vere</span> <span class='ocrx_word' id='word_1_177' title='bbox 452 3544 713 3618; x_wconf 67' lang='lat' dir='ltr'>circumsessa</span> <span class='ocrx_word' id='word_1_178' title='bbox 751 3554 809 3615; x_wconf 91' lang='lat' dir='ltr'>est</span> <span class='ocrx_word' id='word_1_179' title='bbox 846 3539 1102 3629; x_wconf 89' lang='lat' dir='ltr'>dehiscentia,</span> <span class='ocrx_word' id='word_1_180' title='bbox 1145 3565 1246 3646; x_wconf 89' lang='lat' dir='ltr'>quae</span> 
     </span>
     <span class='ocr_line' id='line_1_29' title="bbox 221 3653 1245 3757; baseline -0.003 -22"><span class='ocrx_word' id='word_1_181' title='bbox 221 3682 293 3736; x_wconf 91' lang='lat' dir='ltr'>nec</span> <span class='ocrx_word' id='word_1_182' title='bbox 343 3657 392 3734; x_wconf 90' lang='lat' dir='ltr'>ad</span> <span class='ocrx_word' id='word_1_183' title='bbox 418 3669 562 3757; x_wconf 83' lang='lat' dir='ltr'>-septa,</span> <span class='ocrx_word' id='word_1_184' title='bbox 600 3679 672 3730; x_wconf 90' lang='lat' dir='ltr'>nec</span> <span class='ocrx_word' id='word_1_185' title='bbox 714 3653 992 3730; x_wconf 86' lang='lat' dir='ltr'>constrictione</span> <span class='ocrx_word' id='word_1_186' title='bbox 1033 3654 1245 3756; x_wconf 89' lang='lat' dir='ltr'>perficitur,</span> 
     </span>
     <span class='ocr_line' id='line_1_30' title="bbox 219 3766 1245 3872; baseline -0.002 -22"><span class='ocrx_word' id='word_1_187' title='bbox 219 3799 252 3850; x_wconf 91' lang='lat' dir='ltr'>e.</span> <span class='ocrx_word' id='word_1_188' title='bbox 278 3795 311 3870; x_wconf 81' lang='lat' dir='ltr'>g.</span> <span class='ocrx_word' id='word_1_189' title='bbox 336 3772 377 3846; x_wconf 90' lang='lat' dir='ltr'>in</span> <span class='ocrx_word' id='word_1_190' title='bbox 396 3770 563 3872; x_wconf 91' lang='lat' dir='ltr'>capsulis</span> <span class='ocrx_word' id='word_1_191' title='bbox 580 3766 783 3865; x_wconf 82' lang='lat' dir='ltr'>Anagallis,</span> <span class='ocrx_word' id='word_1_192' title='bbox 804 3770 1049 3866; x_wconf 88' lang='lat' dir='ltr'>Hyoscyami.</span> <span class='ocrx_word' id='word_1_193' title='bbox 1102 3773 1245 3848; x_wconf 85' lang='lat' dir='ltr'>Trans-</span> 
     </span>
     <span class='ocr_line' id='line_1_31' title="bbox 192 3880 1244 3987; baseline -0.004 -26"><span class='ocrx_word' id='word_1_194' title='bbox 192 3913 360 3985; x_wconf 54' lang='lat' dir='ltr'>·,versom</span> <span class='ocrx_word' id='word_1_195' title='bbox 387 3884 572 3971; x_wconf 82' lang='lat' dir='ltr'>dixerim,</span> <span class='ocrx_word' id='word_1_196' title='bbox 602 3905 703 3981; x_wconf 81' lang='lat' dir='ltr'>quae</span> <span class='ocrx_word' id='word_1_197' title='bbox 719 3880 786 3987; x_wconf 9' lang='lat' dir='ltr'>*ad</span> <span class='ocrx_word' id='word_1_198' title='bbox 816 3896 922 3983; x_wconf 92' lang='lat' dir='ltr'>septa</span> <span class='ocrx_word' id='word_1_199' title='bbox 947 3897 1163 3961; x_wconf 86' lang='lat' dir='ltr'>transversa</span> <span class='ocrx_word' id='word_1_200' title='bbox 1188 3884 1244 3972; x_wconf 88' lang='lat' dir='ltr'>fit,</span> 
     </span>
     <span class='ocr_line' id='line_1_32' title="bbox 218 3995 1244 4099; baseline 0 -25"><span class='ocrx_word' id='word_1_201' title='bbox 218 3999 336 4074; x_wconf 90' lang='lat' dir='ltr'>utin</span> <span class='ocrx_word' id='word_1_202' title='bbox 368 3996 643 4095; x_wconf 79' lang='lat' dir='ltr'>Leguminosis</span> <span class='ocrx_word' id='word_1_203' title='bbox 679 3995 811 4083; x_wconf 88' lang='lat' dir='ltr'>variis,</span> <span class='ocrx_word' id='word_1_204' title='bbox 843 3999 1100 4084; x_wconf 71' lang='lat' dir='ltr'>oraculorum,</span> <span class='ocrx_word' id='word_1_205' title='bbox 1141 4023 1244 4099; x_wconf 89' lang='lat' dir='ltr'>quae</span> 
     </span>
     <span class='ocr_line' id='line_1_33' title="bbox 219 4108 1021 4214; baseline 0.002 -26"><span class='ocrx_word' id='word_1_206' title='bbox 219 4111 512 4202; x_wconf 84' lang='lat' dir='ltr'>constrictione,</span> <span class='ocrx_word' id='word_1_207' title='bbox 537 4110 647 4186; x_wconf 92' lang='lat' dir='ltr'>utin</span> <span class='ocrx_word' id='word_1_208' title='bbox 671 4108 788 4188; x_wconf 90' lang='lat' dir='ltr'>variis</span> <span class='ocrx_word' id='word_1_209' title='bbox 813 4111 1021 4214; x_wconf 87' lang='lat' dir='ltr'>Siliquosis</span> 
     </span>
    </p>
   </div>
   <div class='ocr_carea' id='block_1_5' title="bbox 0 0 1422 4878">
    <p class='ocr_par' dir='ltr' id='par_1_7' title="bbox 0 0 1422 4878">
     <span class='ocr_line' id='line_1_34' title="bbox 0 0 1422 4878; baseline 0 6"><span class='ocrx_word' id='word_1_210' title='bbox 0 0 1422 4878; x_wconf 95' lang='lat' dir='ltr'> </span> 
     </span>
    </p>
   </div>
  </div>
 </body>
</html>
