2852 4872
241 333 318 418 264
473 311 476 322 '
671 333 832 454 snos.

244 529 336 606 lulis
360 543 539 608 constant
562 529 633 608 sibi
661 530 846 632 appositis
870 552 943 604 nec
965 527 1159 628 impositis
1175 539 1259 602 tan-

243 655 341 730 tum.
398 650 504 740 Quas
538 668 611 743 ego
643 644 811 720 examini
843 641 989 741 subjeci
1020 641 1149 742 paleas
1173 639 1262 742 pili-

243 755 406 847 formeS,
431 759 563 861 paleae
589 773 698 834 erant
720 767 801 832 nec'
816 757 904 857 pili,
931 780 1173 857 quamquam
1191 747 1260 829 his

245 871 435 948 simillimi
446 872 662 974 3fimbr1‘llas
675 870 767 946 hinc
781 872 946 946 dixerim
959 895 1052 945 cum
1066 868 1263 945 cassiniu-

188 1063 190 1068 ,
274 1070 282 1085 f
324 976 526 1062 ‘Germen'
550 987 871 1088 Compositarum
912 1009 1026 1085 saepe
1066 990 1260 1057 coelatum

245 1114 284 1176 et
313 1099 387 1174 hac
418 1126 461 1176 re
494 1127 515 1176 a
546 1101 746 1202 plerisque
770 1099 1012 1200 germinibus
1035 1094 1171 1202 inseris
1204 1093 1262 1169 di-

172 1255 174 1265 ·
244 1238 418 1302 versum,
443 1214 650 1290 involucro
677 1239 698 1290 e
722 1214 886 1310 bracteis
912 1211 1088 1290 connatis
1114 1200 1260 1297 exorto,

245 1328 360 1430 quale
383 1327 426 1401 in
452 1328 646 1404 scabiosis
670 1327 861 1416 videmus,
885 1328 1072 1403 indutum
1096 1323 1261 1410 videtur,

245 1442 313 1519 sed
351 1441 518 1540 germini
554 1455 626 1516 se'u
660 1441 794 1541 potius
824 1438 1040 1542 hypanthio
1068 1453 1169 1515 arcte
1195 1437 1260 1512 ad-

245 1570 348 1630 nato.
414 1559 508 1630 Non
545 1556 678 1632 solum
719 1553 887 1629 affinitas
931 1579 1024 1629 cum
1068 1551 1288 1628 scabiosis¹

244 1671 403 1770 probat,
440 1668 509 1744 sed
547 1693 710 1769 quoque
748 1667 955 1744 radiorum
991 1668 1109 1769 pappi
1144 1657 1262 1753 ortus,

247 1784 316 1884 qui
352 1783 519 1858 minime
554 1783 598 1857 in
620 1779 780 1856 oeodem
814 1783 910 1856 orbe
943 1779 1003 1868 fit,
1028 1779 1110 1856 ¹sed
1141 1781 1193 1854 ita
1218 1793 1267 1854 ut

247 1894 320 1971 alii'
349 1896 393 1970 in
419 1895 516 1971 orbe
541 1895 747 1982 exteriore,
785 1895 860 1982 alii,
883 1894 1283 1981 interdum-omnes,'

246 2009 289 2082 in
326 2011 423 2085 orbe
458 2009 647 2085 interiore
694 2022 901 2106 emergant.
969 2010 1094 2109 Stipes
1134 2008 1263 2109 pappi,

162 2169 169 2186 ‚
247 2145 278 2196 e.
303 2145 336 2219 g.
359 2123 402 2197 in
426 2122 705 2198 Leontodonte
731 2137 874 2209 erecto,
901 2147 946 2196 ex
970 2123 1155 2198 interiore
1180 2145 1264 2219 ger-

246 2237 366 2310 minis
398 2238 540 2312 cortice
570 2236 789 2311 luculenter
819 2235 969 2336 prodit,
1000 2251 1068 2312 aut
1091 2237 1122 2311 si
1147 2237 1264 2337 stipes

246 2348 290 2423 in
314 2351 499 2426 corticem
526 2339 754 2426 exteriorem
774 2349 1040 2436 continuatur,
1057 2350 1175 2451 pappi
1199 2375 1264 2425 co-

225 2485 345 2566 ¹rona
369 2464 453 2563 ipsa
477 2476 609 2538 tamen
634 2463 734 2538 intra
761 2461 953 2537 annulum
970 2465 1264 2562 prominentem

229 2577 431 2672 exsurgit,
455 2577 567 2650 utin
595 2576 788 2652 Thrincia.

304 2718 314 2746 ³
340 2685 649 2790 ¹Receptaculum
677 2688 790 2765 floris
821 2691 1029 2792 compositi
1062 2693 1265 2794 propriam

247 2825 332 2878 non
348 2804 549 2879 constituit
564 2817 725 2904 partem,
751 2827 823 2879 nec
842 2818 898 2880 est
915 2831 985 2881 cur
1005 2805 1265 2882 clinanthium

247 2909 340 3018 oum
372 2917 547 2993 Cassinio
583 2915 703 3004 dicas,
740 2919 905 2994 nomine
935 2918 1045 2994 male
1081 2917 1264 2995 formato.

246 3030 316 3104 Est
339 3029 595 3130 pedunculus
635 3030 832 3118 dilatatus
869 3031 1061 3108 fasciculis
1101 3031 1264 3129 lignosis

247 3144 431 3244 separatis
460 3145 721 3245 parenchyma
752 3146 1086 3245 perreptantibus,
1116 3142 1270 3220 lacunis.

247 3255 452 3356 repletum.
509 3255 612 3353 (Csr.
640 3259 803 3335 Cassinii
828 3259 952 3333 varias
976 3256 1265 3333 dissertationes

249 3367 299 3444 de
328 3370 436 3446 hisce
464 3369 606 3471 plantis
630 3376 767 3448 Journ.
793 3371 829 3447 d.
855 3371 966 3467 Phys.
993 3375 1037 3446 T.
1063 3374 1119 3446 76.
1144 3398 1180 3471 p.
1205 3377 1264 3448 97.

250 3487 329 3562 181.
360 3487 446 3561 249.
478 3490 521 3560 T.
554 3488 610 3560 78.
643 3511 679 3586 p.
709 3488 861 3560 aem.
887 3485 1005 3584 etp.
1032 3487 1112 3558 116.
1131 3489 1182 3560 T.
1207 3489 1265 3562 85.

247 3590 286 3697 ρ.
321 3601 354 3672 l.
385 3607 573 3675 necnon
603 3597 785 3674 Brownei
827 3596 1118 3700 observationes
1153 3598 1265 3673 Linn.

249 3709 738 3813 hmmffiffipffi

240 3826 549 3903 “uramentum
581 3851 601 3900 a
625 3825 799 3900 Linnaeo
825 3823 927 3900 bene
959 3823 1264 3900 determinatum

225 3953 316 4045 ’est
375 3933 445 4018 Ait
479 3938 600 4039 (Phil.
646 3939 728 4016 bot
765 3937 847 4035 86.)
888 3962 971 4018 esse
1015 3939 1184 4036 calycem
1221 3963 1267 4016 ex

246 4054 493 4154 receptaculo
539 4051 745 4132 communi
792 4049 973 4155 paleaceo
1023 4075 1265 4150 gemmaceo.
1333 4145 1336 4151 Α

232 4155 328 4245 Νεο
373 4190 464 4243 non
502 4157 690 4266 '(116.):'
730 4170 989 4246 Amentaceus
1042 4171 1267 4266 aggregatus
