2848 4888
267 325 326 414 tt
654 315 910 400 Phabda(

269 533 372 611 sent,
395 520 472 598 nisi
497 519 546 597 ab
576 517 747 595 inuicem
780 533 909 597 essent
940 533 1135 612 remotae,
1168 543 1293 620 quam

270 636 324 712 ob
355 659 442 711 rem
472 632 616 710 multas
648 632 832 709 exhibent
855 634 1092 735 superficies.
1159 635 1295 712 Theo-

262 749 370 856 (riam
413 749 515 826 banc
566 747 665 824 olim
717 743 797 843 jam
845 749 1039 850 proposui
1089 745 1295 846 (Gilbert's

268 859 406 939 Annal.
443 861 480 938 d.
515 861 661 960 Physik
698 861 742 934 T.
774 861 833 937 25.
865 889 903 964 p.
935 863 1011 960 33.)
1043 875 1179 938 contra
1213 885 1295 952 eos,

269 976 339 1077 qui
378 975 617 1062 soliditatem
656 971 897 1075 primitivam
931 989 1073 1077 putant
1107 976 1295 1052 materiae

269 1089 512 1190 qualitatem,
563 1087 675 1166 nullo
718 1087 808 1165 freti
850 1103 1082 1188 argumento
1129 1103 1188 1166 sat
1229 1113 1295 1166 so-

234 1305 236 1309 .
268 1203 363 1280 lido.
421 1205 463 1281 Si
494 1205 581 1280 hoc¹
605 1203 735 1284 modo
769 1201 857 1282 solo
888 1202 1001 1278 fieret
1030 1202 1131 1278 fibra
1156 1203 1294 1292 solida,

267 1317 405 1395 flexilis
429 1343 587 1420 semper
609 1318 730 1408 foret3
760 1316 935 1416 rigiditas
965 1318 1098 1418 itaque
1130 1314 1203 1393 alia
1237 1331 1296 1394 est

269 1431 485 1536 corporum
520 1431 686 1536 qualitas
721 1458 743 1511 e
772 1429 1054 1535 particularum
1089 1431 1295 1536 polaritate

239 1545 464 1625 'oriunda.·

364 1659 619 1740 Mineralium
642 1659 821 1746 lamellae
846 1657 927 1735 fere
952 1681 1109 1762 semper
1125 1682 1209 1737 sese
1227 1657 1294 1737 de-

270 1788 443 1866 cussant,
469 1773 582 1878 quod
606 1773 692 1851 fieri
717 1799 801 1852 non
826 1773 968 1874 possit,
993 1775 1068 1850 nisi
1093 1773 1135 1850 in
1160 1774 1294 1876 prirno

269 1902 372 1964 statu
408 1887 532 1965 fibrae
571 1885 745 1963 luissent
814 1885 987 1964 Lamella
1029 1888 1138 1964 enim
1179 1887 1296 1962 aliam

268 2001 480 2078 formatam
514 2004 719 2104 penetrare
756 2000 906 2102 nequit.
959 1997 1170 2098 Ejusmodi
1200 2024 1294 2076 vero

270 2111 489 2192 decussatio
522 2114 706 2192 facillime
738 2115 879 2201 oritur,
913 2112 944 2189 si
970 2113 1096 2190 fibrae
1120 2126 1297 2191 remotae

270 2227 523 2333 enascuntur,
555 2241 593 2304 et
624 2229 672 2302 ab
706 2227 790 2302 aliis
822 2226 1001 2304 similiter
1031 2228 1195 2305 remotis
1229 2227 1297 2304 de-

271 2355 495 2430 cussantur,
537 2363 639 2443 quae
677 2339 841 2418 tandem
883 2356 1035 2431 auctae,
1081 2342 1296 2418 interstitiis

271 2455 428 2558 repletis
458 2453 632 2532 lamellas
656 2454 799 2530 sistunt
823 2477 906 2531 sese
933 2454 1192 2532 decussantes.
1249 2459 1296 2532 In

273 2569 510 2672 corporibus
535 2567 729 2667 organicis
750 2565 946 2666 ejusmodi
964 2569 1212 2646 lamellarum
1230 2567 1297 2645 de-

273 2683 441 2760 cussatio
473 2679 559 2758 non
583 2681 790 2782 reperitur,
815 2683 908 2758 hinc
933 2708 1017 2762 non
1044 2697 1117 2774 est,
1143 2707 1217 2780 cur
1239 2683 1298 2760 di-

273 2818 351 2886 cas,
391 2821 534 2875 eorum
568 2797 698 2901 prima
733 2794 959 2875 rudimenta
1002 2794 1122 2874 fibras
1165 2796 1296 2876 fuisse.

271 2915 406 2990 Potest
437 2913 546 2989 enim
574 2909 808 2988 membrana
832 2912 891 2988 uti
917 2937 1035 3014 supra
1058 2911 1249 3002 vidimus,
1275 2937 1297 2988 e

273 3049 442 3128 corpore
472 3023 601 3101 fluido
628 3025 758 3100 statim
783 3026 896 3116 oriri,
927 3049 1001 3102 nec
1027 3049 1129 3127 opus
1154 3040 1228 3115 est,
1251 3040 1299 3103 ut

135 3203 137 3206 .
275 3163 297 3216 e
336 3137 448 3214 fibris
489 3135 627 3216 solidis
668 3152 943 3238 componatur.
1007 3141 1171 3216 Format
1200 3161 1295 3216 vero

274 3253 507 3328 membrana
540 3251 721 3340 tubrdos,
757 3275 862 3354 quos
898 3248 1017 3329 fibras
1052 3253 1153 3330 vitae
1191 3266 1296 3355 aptas

275 3365 427 3444 dixeris.

291 3489 295 3497 '
370 3477 620 3560 Ramificatio
676 3492 733 3558 est
785 3503 1003 3582 corporum
1055 3478 1296 3558 naturalium

274 3589 470 3672 structura
493 3591 730 3671 universalis.
770 3593 965 3671 Videmus
981 3593 1108 3694 ipsam
1123 3594 1166 3668 in
1186 3593 1296 3670 fibris

276 3710 549 3808 crystallorum
600 3707 674 3784 sub
717 3707 826 3784 vario
868 3705 1012 3806 angulo
1057 3709 1296 3810 compositis,

199 3858 205 3864 ·
277 3823 404 3926 quod·
432 3819 597 3924 quidem
636 3823 682 3914 in¹
720 3820 1038 3919 crystallisatione
1069 3821 1297 3926 imperfecta

278 3963 315 4013 er
334 3941 370 4037 gi
392 3935 528 4036 glaciei
551 3935 791 4013 form-atione
815 3936 1133 4039 inconspectum
1152 3935 1295 4037 prodit.

278 4054 324 4135 ln
349 4049 490 4155 plantis
514 4051 713 4130 luculenta
739 4050 1044 4131 estramificatio
1061 4044 1296 4130 tubulorum
