2848 4888
288 347 312 445 ι
360 392 365 398 ·
573 342 1015 447 rnrno'n'uc‘r‘r'ot
1066 405 1074 422 ,-

287 567 422 644 tamm'
439 545 1304 667 istammconcursu·producusedesolbuot
1332 566 1336 573 ’

245 676 247 689 '
288 671 536 780 Mineralugi,
558 677 867 762 individua'die'i
891 691 1117 780 nequeunt
1208 727 1212 734 ·

381 799 488 871 Inter
512 792 733 890 crystallum
758 789 1001 922 perfectam
996 807 1034 869 et
1056 791 1202 886 rudem
1228 793 1304 870 mi·

277 906 479 1022 ner-alium
518 904 667 1002 rnolem
700 905 828 1008 varios
857 899 1040 980 vidern'us
1068 901 1255 1039 gradus''
1243 933 1303 982 m-

277 993 509 1142 termedios
563 1022 615 1095 Et
648 1038 791 1128 corpus
822 1017 1065 1130 organicum
1085 1022 1300 1097 eminimo

286 1123 463 1238 'germine
481 1121 678 1242 exortum,
702 1130 887 1242 undique
908 1131 1111 1208 materiam
1137 1132 1301 1222 attrahit,

284 1274 364 1380 qua
389 1231 561 1332 nutrilu'r'
586 1261 631 1322 et
648 1244 807 1324 crescit
823 1232 1072 1321 Manifestus
1098 1227 1156 1321 est
1182 1245 1303 1345 igitur

286 1363 396 1437 nisus
429 1359 478 1436 ad
511 1345 759 1435 individuam
792 1366 993 1433 naturam:
1050 1363 1143 1435 Non
1168 1357 1302 1436 solum

285 1473 388 1552 inter
412 1483 595 1576 corpora,
615 1472 724 1554 sed
713 1495 755 1546 ιιι
779 1471 913 1546 animo
936 1472 1115 1548 humano
1139 1493 1302 1573 qnoque

284 1586 459 1664 eundem
483 1585 830 1669 animadvertimus
851 1584 1006 1660 nisum
1029 1585 1175 1663 Omnia
1193 1586 1300 1660 enim

282 1700 478 1778 individui
508 1701 630 1776 instar
661 1691 915 1774 describere
904 1711 945 1772 ιιι
972 1713 1062 1788 arte
1088 1699 1223 1777 omnia
1249 1697 1300 1774 ad

281 1840 412 1916 unum
436 1813 617 1890 referre
606 1838 649 1919 m
673 1813 832 1888 scientia
858 1809 990 1886 studet
1013 1814 1182 1890 animus

282 1929 302 1944 ”
350 1909 517 2023 Magna
552 1925 721 2002 existo
733 1925 824 1999 nisu
856 1925 983 1999 oritur
1006 1924 1048 2000 in
1073 1939 1212 2000 natura
1237 1950 1301 2001 va-

180 2063 184 2070 ·
277 2039 401 2114 ¹rietas.
461 2041 694 2138 Numquam
733 2034 840 2111 filius
876 2038 1028 2136 parenti
1065 2037 1300 2128 simillimus,

277 2165 351 2226 nec'
373 2149 571 2252 infantum
595 2147 726 2224 forma
752 2172 773 2223 e
797 2149 917 2248 patris
943 2163 981 2224 et
1003 2149 1139 2224 matris
1169 2149 1299 2229 forma

278 2256 454 2344 accurate
476 2260 745 2359 conjuncta.'
787 2261 955 2337 Nullum
1003 2261 1148 2339 folium
1190 2266 1298 2343 alteri

195 2437 197 2442 .
278 2375 464 2482 ejusdem
488 2365 640 2450 arboris
668 2373 785 2488 plane
818 2374 960 2462 simile,
997 2377 1125 2452 multo
1162 2381 1297 2455 minus

241 2485 242 2488 ‘
277 2475 377 2567 ¹folio
410 2489 507 2566 alius
540 2483 701 2562 arboris.
759 2485 978 2580 Quodlibet
1010 2513 1153 2591 corpus
1185 2507 1297 2568 natu·

277 2593 359 2678 'rale
387 2627 460 2710 per
490 2621 531 2676 se
564 2600 612 2675 ab
646 2599 730 2674 aliis
760 2596 981 2697 sejunctum
1007 2617 1053 2679 et
1069 2603 1297 2681 distinctum

276 2715 438 2791 existere
462 2707 630 2791 studet
683 2794 687 2800 ,

276 2830 280 2838 “
371 2829 609 2929 Corporum
631 2829 869 2908 naturalium
899 2831 1155 2936 proprietates
1178 2852 1314 2933 gene·

272 2941 372 3020 'rales
395 2937 565 3045 Physica
588 2947 896 3076 contemplatur·
910 2969 984 3022 nee
1007 2970 1093 3021 ιιοιι
1122 2947 1294 3022 calorem

275 3055 313 3129 'et
329 3047 696 3166 electricitatem,
701 3059 793 3160 quia
833 3059 984 3160 ubique
1024 3059 1293 3160 reperiuntur3

272 3157 593 3284 magnetismum,
640 3170 733 3270 quia
781 3191 943 3267 magnes
981 3171 1133 3274 ubique
1176 3172 1294 3273 polos

272 3303 368 3356 suos
392 3278 552 3382 dirigit
630 3279 823 3383 speciales
868 3277 1024 3361 'crema
1063 3284 1293 3360 considerat.

270 3393 456 3492 Materiae
499 3394 607 3469 enim
650 3395 851 3471 chemicae
890 3395 1057 3472 minime
1094 3398 1292 3496 generales

152 3606 155 3618 η
271 3522 379 3596 suut,
416 3507 583 3584 minime
616 3531 780 3622 quoque
812 3513 857 3585 e'x
885 3509 1101 3586 individuis
1126 3535 1291 3612 compo·
1318 3553 1322 3556 ·

270 3605 387 3705 'sitae3
406 3613 606 3698 acidum
621 3623 729 3696 enim
765 3621 1040 3723 sulphur-icum
1076 3623 1186 3700 idem
1223 3637 1290 3712 est,

88 3834 90 3838 .
270 3731 480 3838 quomodo
514 3736 717 3836 paraveris.
773 3735 946 3813 Hastorr'u
977 3738 1162 3815 naturalis
1186 3737 1289 3812 indi-

125 3859 150 3880 ”
199 3853 203 3862 ’
267 3845 397 3922 viduis
429 3847 582 3934 nititur;
613 3847 800 3950 quamvis
817 3850 924 3924 enim
948 3853 1110 3952 speeies,
1135 3871 1287 3948 genera,

87 3970 89 3978 ’
267 3960 429 4036 ordines
460 3949 765 4062 contempletur,
797 3985 955 4066 semper
985 3978 1117 4041 tamen
1152 3961 1201 4037 ad
1225 3963 1285 4036 in-

266 4069 425 4150 dividua
450 4072 562 4154 redit.
702 4107 723 4115 ¹·
769 4107 773 4116 ·
1148 4115 1151 4123 ,
