2836 4878
521 361 812 438 annosus·
1105 364 1178 442 aaa
1234 319 1236 323 ⁵

153 559 473 657 integumentum
524 557 782 661 quorundam
829 557 946 634 nucis
989 563 1179 658 patmon

153 693 236 748 esse
272 672 496 750 vocandum
533 676 733 751 existimat.
791 673 896 750 Cum
925 674 1177 748 transversim

150 785 270 886 positi
295 787 390 875 sint,
414 787 571 866 loculos
594 813 696 866 voco
723 795 797 863 laec
820 783 1094 866 loculamenta.
1171 819 1175 826 ·‘

245 902 294 979 In
336 903 588 980 Acanthaceis
630 901 748 978 video
794 899 922 976 valvas
973 898 1179 1000 pericarpii

149 1013 234 1090 basi
267 1029 500 1104 contractas,
537 1017 776 1117 millumque
807 1032 944 1089 semen
974 1011 1180 1092 includen-
1217 1083 1219 1086 .

149 1141 224 1216 tes,
249 1153 419 1230 superne
445 1130 647 1207 cavitatem
672 1129 906 1228 seminaque
929 1126 1179 1228 intercipien-

149 1255 219 1317 tes.
280 1241 576 1331 Reduaculum,
622 1242 736 1344 quod
780 1241 934 1328 dicunt,
976 1241 1178 1342 seminum

150 1370 208 1431 est
233 1355 428 1485 appendix
453 1355 688 1432 columellae
710 1379 735 1432 e
759 1355 995 1432 membrana
1011 1354 1179 1457 pericar

147 1471 204 1572 pii
229 1469 367 1545 intima
394 1467 580 1546 confecta.

243 1582 382 1659 Loculi
405 1582 532 1683 spurii
556 1581 600 1656 in
627 1579 839 1658 Cruciseris
862 1605 885 1658 e
904 1581 1177 1659 contractione

149 1697 314 1797 siliquae
339 1719 455 1797 saepe
480 1696 675 1772 oriuntur.

247 1810 436 1885 Cavitates
460 1808 667 1944 pericarpii
692 1831 810 1939 saepe
832 1833 978 1886 vacuae
1002 1822 1096 1885 sunt
1119 1803 1175 1884 nil

148 1924 223 1998 nisi
254 1924 405 1999 semina
437 1928 649 2022 aeremque
675 1922 931 2000 continentes.
981 1924 1022 2000 si
1051 1921 1177 2024 pa1iea

129 2023 206 2115 'tes
250 2036 468 2113 seminibus
508 2036 689 2138 proxime
729 2036 987 2124 incumbunt,
1027 2035 1175 2112 locuta..

147 2165 280 2226 menta
314 2173 538 2250 compressa
569 2163 770 2226 vocantur.
834 2150 875 2226 Si
906 2173 1048 2248 magua
1073 2151 1174 2226 airis

149 2265 263 2367 copia
288 2263 522 2350 continetur,
552 2263 716 2346 habebis
741 2262 1005 2356 loculamenta
1029 2263 1173 2340 inflata.
1258 2292 1261 2298 ·

146 2385 306 2456 Farctoe
345 2402 461 2479 saepe
505 2391 599 2452 sunt
639 2377 817 2454 cavitates
845 2376 1174 2478 parenchymate,

147 2492 260 2594 quod
286 2507 353 2569 aut
378 2493 588 2568 exsiccatur
611 2505 770 2566 maturo
794 2488 928 2566 smotu
944 2491 1068 2589 (Citra
1086 2489 1175 2567 dul·-
1251 2531 1254 2538 Α

148 2607 223 2702 cia)
248 2620 316 2682 aut
340 2605 615 2684 succulentum
639 2602 686 2679 fit
708 2603 830 2704 (Citra
857 2603 985 2701 acida)
1002 2619 1070 2682 aut
1084 2604 1173 2706 pul·

147 2743 312 2821 posum‚
349 2720 372 2796 i.
400 2745 431 2796 e.
455 2717 619 2794 materia
648 2717 826 2818 pultacea
850 2717 1046 2818 repletum
1071 2719 1172 2816 (Ta-⁴

147 2833 387 2931 menindus).
455 2833 581 2933 Pulpa
619 2831 729 2906 enim
771 2830 1107 2908 Tamaaindorum
1150 2856 1172 2908 e

147 2947 297 3024 cellulis
323 2961 491 3035 constat,
516 2943 715 3043 ejusmodi
740 2945 905 3020 materia
930 2944 1099 3045 repletis.
1169 3004 1171 3008 .

242 3065 322 3138 Aut
344 3083 652 3163 monospermae
676 3073 783 3147 sunt,
809 3071 876 3134 ant
902 3057 1171 3159 di·polyspen

145 3196 244 3251 mae.
294 3175 488 3252 Cavitates
509 3197 674 3276 quoque
699 3173 885 3248 oriamur
908 3170 1065 3266 semina.
1083 3177 1171 3248 non·

145 3288 392 3364 continentes
418 3287 613 3366 elaeonis
637 3285 837 3372 unanimis,
862 3284 997 3386 quales
1021 3285 1064 3384 ip
1084 3283 1170 3360 fro«

146 3417 212 3478 ctu
237 3400 412 3499 Nigellae
437 3399 693 3478 damascenae
719 3401 981 3476 continentur.
1021 3437 1045 3468 .·
1075 3437 1096 3456 ι’
1167 3431 1171 3468 s

147 3556 248 3648 18l.
314 3553 522 3646 ‘Semina
578 3570 663 3647 aut
713 3555 1004 3676 sporopltoris
1038 3533 1168 3642 ''insi-¹

208 3693 331 3785 dent
366 3695 634 3788 fasciculos
676 3696 866 3811 ligneos
912 3687 1169 3804 includen,

205 3835 356 3936 tibus,
387 3849 472 3925 aut
498 3840 741 3953 parietibus
771 3831 1071 3952 pericopa..

81 4051 82 4054 .
244 3969 503 4071 Sporophora
535 3968 710 4048 Richard
745 3964 1063 4070 trophospermia
1097 3991 1165 4041 ao·

145 4097 205 4161 cat
230 4081 579 4185 (trophospermes
604 4086 674 4160 An.
701 4079 974 4184 d.fr.p.17.)
1003 4079 1168 4174 nomine
