2836 4878
506 401 794 478 FRUCTUS.
1089 399 1163 477 ³29

142 645 148 652 ·
235 601 268 676 E
293 599 554 703 sporophoris
578 597 745 676 funiculi
769 596 970 674 interdum
998 621 1164 701 quoque

140 737 163 789 e
188 715 438 817 carpophoro
466 727 609 792 exeunt
630 712 874 789 umbilicales
898 735 969 787 seu
994 714 1163 789 semina·

139 826 196 903 les
227 829 378 906 semina
401 830 637 906 sustinentes
654 842 721 903 aut
741 828 841 903 intra
859 824 1165 927 carpophorum,

139 943 470 1045 sporophoraque
493 942 655 1018 latentes
681 955 748 1016 aut
773 942 908 1016 exserti
935 939 1165 1040 etquidem

139 1069 208 1130 aut
230 1056 450 1134 brevissimi
476 1069 543 1133 aut
566 1054 757 1156 perlongi,
780 1054 1013 1130 fasciculum
1036 1053 1165 1152 ligno-

139 1193 230 1245 sum
262 1169 446 1246 facillime
477 1170 738 1270 conspicuum
771 1167 821 1244 ad
853 1191 990 1242 semen
1019 1168 1165 1271 perduss

140 1297 279 1359 centes.
335 1289 496 1360 Nomen
529 1283 779 1384 aptissimum
803 1281 972 1358 funiculi
998 1281 1165 1358 semina-

67 1453 72 1458 -
137 1396 187 1471 lis
222 1396 394 1476 Richard
420 1397 462 1472 in
487 1396 821 1498 podospermium
847 1395 1165 1497 (podosperme)

117 1511 306 1586 mutavit
329 1512 422 1603 (An.
450 1510 486 1586 d.
511 1509 556 1586 fr.
581 1539 619 1613 p.
645 1508 737 1607 lt).

234 1628 279 1699 In
331 1623 643 1712 Cucurbitaceis,
691 1621 922 1723 praesertim
976 1622 1165 1700 Cucumis

139 1737 280 1814 sativae
311 1735 445 1814 fructu
474 1735 632 1836 juniore
661 1734 780 1811 video
806 1734 1014 1815 fasciculos
1038 1738 1166 1836 ligno-

116 1883 117 1888 ¹
140 1875 206 1926 sos
246 1865 342 1938 tres,
383 1875 455 1926 seu
479 1850 729 1950 sporophora
754 1848 843 1936 tria,
878 1849 961 1926 duo
987 1850 1167 1938 lateralia,

139 1989 270 2039 unum
294 1962 486 2051 medium,
510 1987 582 2064 per
605 1960 781 2038 fructum
798 1961 1055 2040 decurrentia.
1094 1968 1167 2040 Ba-

140 2078 193 2152 sis
217 2077 360 2164 medii,
392 2102 485 2152 cum
510 2075 661 2154 fructus
688 2075 884 2165 adolescit,
911 2077 1165 2154 oblitteretur.

138 2195 247 2266 Inter
278 2189 449 2266 lateralia
482 2205 521 2266 et
555 2190 739 2266 medium
771 2204 852 2265 rete
885 2189 1165 2267 fasciculorum

139 2327 327 2380 vasorum
359 2303 614 2404 conspicitur,
644 2304 697 2380 ita
728 2315 774 2379 ut
798 2303 1006 2406 quodlibet
1030 2329 1166 2381 semen

140 2418 241 2494 intra
274 2443 405 2495 aream
436 2415 556 2516 hujus
587 2416 739 2493 reticuli
771 2418 949 2519 positum
979 2419 1037 2495 sit.
1087 2418 1166 2496 Ad-

141 2547 280 2609 natum
327 2545 384 2608 est
424 2533 565 2633 utique
609 2530 797 2608 fasciculo
843 2557 865 2608 e
910 2533 1165 2634 sporophoro

141 2647 306 2735 laterali,
349 2659 387 2722 et
421 2647 524 2722 basis
561 2671 696 2722 versus
727 2647 845 2722 latera
879 2671 1064 2724 conversa
1099 2661 1165 2722 est.

140 2759 362 2837 Maturitate
394 2761 693 2861 sporophorum
722 2760 905 2836 medium
935 2763 979 2836 in
1003 2761 1166 2838 fascicu-

141 2873 204 2949 los
238 2869 492 2972 disjungitur,
528 2873 667 2949 lacuna
707 2875 749 2948 in
780 2874 916 2950 medio
950 2876 1090 2963 oritur,
1129 2889 1168 2950 et

141 2985 316 3063 fasciculi
341 2987 549 3063 seminales
574 2988 726 3064 reticuli
750 2988 792 3062 in
817 2989 938 3090 pulpa
971 2988 1166 3090 deliques

143 3115 247 3179 cunt
304 3102 405 3178 Hinc
436 3100 620 3178 adsentiri
654 3127 738 3178 non
770 3127 936 3201 possum
961 3104 1046 3178 viro
1074 3103 1167 3178 alias

122 3228 259 3290 acuto
284 3217 381 3314 Aug.
406 3215 554 3292 Hilaire
577 3216 621 3290 in
644 3217 1018 3292 Cucurbitacearum
1034 3215 1168 3292 fructu

142 3328 374 3431 explicando
401 3329 608 3425 (Memoir.
634 3329 671 3404 d.
695 3336 881 3408 Museum
908 3336 952 3406 T.
968 3335 1001 3406 5.
1025 3358 1063 3433 p.
1084 3333 1167 3406 304

142 3447 189 3519 -Τ.
212 3447 247 3518 9.
271 3468 308 3542 p.
336 3442 453 3538 loo).
488 3487 490 3496 ·

143 3599 150 3608 ·
241 3555 401 3631 Semina
431 3555 474 3629 in
507 3557 591 3633 basi
615 3571 770 3634 tantum
795 3559 1036 3661 sporophori
1059 3559 1168 3634 inve-

123 3669 325 3757 niuntur,
351 3694 527 3769 quorum
553 3673 727 3772 exempla
753 3699 870 3774 supra
897 3673 1097 3760 dedimuS,
1130 3686 1169 3748 et

145 3782 254 3858 aliud
277 3783 471 3860 habemus
494 3786 537 3860 in
564 3787 819 3863 Convolvulis
844 3789 914 3864 ubi
940 3787 1078 3863 infima
1100 3787 1167 3862 ba·

145 3898 197 3972 sis
228 3909 382 3971 tantum
414 3898 618 3998 producit,
652 3915 719 3975 aut
748 3902 791 3976 in
815 3917 901 3980 toto
928 3901 1098 3977 decursu
1122 3915 1168 3976 ut

143 4010 187 4084 in
235 4009 387 4098 multis,
437 4027 504 4089 aut
551 4014 595 4087 in
644 4029 817 4094 extremo
869 4017 977 4116 apice
1012 4030 1167 4091 tantum

143 4123 255 4204 unde
296 4127 444 4203 semina
470 4126 595 4204 ..fiunt
635 4127 787 4207 inversa
831 4146 868 4208 et
903 4129 1094 4232 pendula,
1135 4131 1165 4206 si
