2852 4872
561 349 722 460 rios.
1079 386 1156 462 aaa

131 586 285 676 alterni,
313 587 512 690 oppositi,
549 584 780 665 venicillari:
827 583 969 682 Vulgo,
1009 600 1046 664 at
1070 611 1155 664 non

128 703 251 792 bene,
283 703 483 800 thyrsulos
517 703 724 804 oppositos
758 697 1156 798 ejusdemgemmifi-

123 817 296 914 ⁸cationis
320 817 363 892 in
387 817 558 894 Labiatis
583 816 703 892 flores
727 814 975 890 venicillatos
989 828 1141 890 vocant.

130 1007 232 1100 153.
295 1011 495 1116 Bructea
529 1019 604 1097 est
633 1005 813 1096 folium
844 1003 1036 1108 florale,
1074 1034 1157 1125 pe-

193 1146 440 1238 dunculos
478 1160 575 1236 aut.
600 1173 779 1236 eorum
820 1174 990 1240 ramos
1022 1143 1157 1265 pedi-

194 1287 406 1377 cellosve
441 1314 500 1374 ex
522 1281 683 1374 'axillis
717 1284 950 1374 emittens
982 1313 1012 1375 a
1047 1285 1158 1376 reli-

193 1426 302 1546 quis
336 1425 465 1516 soliis
497 1423 665 1514 forma
696 1424 870 1514 mutila
907 1453 1157 1546 saepeque

193 1566 365 1657 colore
401 1565 705 1684 discrepans.

227 1735 426 1810 Linnaeus
459 1735 658 1810 bracteam
693 1757 714 1808 a
745 1730 909 1833 reliquis
941 1732 1048 1811 toliis
1079 1735 1159 1838 pri-

128 1869 223 1924 mus
257 1848 378 1945 (Phil.
409 1849 492 1924 bot
516 1847 625 1940 201.)
654 1845 829 1922 distinxit
854 1861 891 1922 et
914 1845 1060 1925 {olium
1084 1849 1159 1926 flo-

129 1960 212 2038 rale
237 1961 350 2050 dixit,
376 1987 469 2038 cum
495 1959 631 2038 colore
656 1973 695 2036 et
718 1957 845 2058 figura
870 1960 1028 2038 recedat
1051 1989 1072 2041 a
1098 1987 1159 2040 ce-

129 2075 223 2152 teris
249 2075 419 2173 (Philus.
444 2078 524 2154 bot.
549 2075 642 2171 at).
1163 2131 1176 2168 ,

225 2192 385 2266 Bractea
427 2189 573 2268 solium
615 2202 673 2265 est
708 2187 948 2290 plerumque
986 2188 1159 2268 diminu-

129 2316 234 2391 tum,
273 2303 569 2406 expetiolatum,
622 2291 877 2400 integratum,
920 2303 1160 2394 obtusatum,

132 2417 369 2506 coloratum,
401 2418 425 2493 i.
458 2442 489 2493 e.
523 2417 600 2494 alio
635 2417 770 2493 colore
796 2441 918 2518 quam
941 2417 1058 2494 viridi
1083 2418 1160 2495 tin·

131 2545 250 2610 cunm
308 2536 432 2633 Saepe
465 2531 658 2610 scariosae
692 2545 760 2608 aut
790 2545 895 2606 totae
927 2545 995 2606 aut
1017 2533 1160 2631 margi-

129 2647 249 2724 nibus
281 2659 436 2722 tantum
467 2646 729 2749 reperiuntur.
776 2642 986 2721 Interdum
1012 2647 1160 2724 acutio-

129 2783 194 2836 res
230 2771 324 2834 sunt
359 2772 398 2835 et
432 2758 636 2835 interdum
673 2760 786 2861 spina
826 2758 945 2858 apicis
982 2760 1160 2837 munitae
1212 2797 1216 2806 ·

8 2959 11 2966 ¹
122 2871 328 2972 (sideritis
355 2873 635 2974 spinosa),‘aut
659 2873 849 2955 incisuras
874 2871 1159 2972 profundiores

130 2985 295 3075 habent,
319 2986 521 3063 interdum
546 2986 589 3064 in
615 2999 715 3062 setas
741 2999 924 3062 exeuntes
950 2987 1159 3084 (Bracara-

128 3099 298 3204 phalum
322 3100 577 3196 Moldavica),
611 3113 679 3176 aut
707 3097 878 3197 majores
911 3098 1018 3176 soliis
1044 3101 1159 3198 (ori-

129 3225 278 3314 ganum
324 3213 578 3308 Dictamnus)
628 3236 726 3315 quas
767 3237 910 3290 omnes
951 3218 1159 3320 aequuum

131 3327 307 3405 dixerim.

225 3443 273 3518 In
305 3442 505 3542 Vaginatis
537 3443 676 3541 vagina
708 3439 987 3544 soliiperstitit
1010 3457 1049 3520 et
1071 3443 1159 3521 bra·

130 3567 257 3632 cteam
283 3553 428 3646 effecit,
455 3583 576 3659 quam
600 3557 779 3661 spatham
802 3570 960 3644 vocant,
984 3556 1157 3632 termino

131 3694 153 3746 a
175 3670 352 3747 Linnaeo
378 3672 557 3774 primum
580 3672 736 3748 usitato.
776 3674 828 3748 Et
842 3673 884 3746 in
902 3669 986 3746 aliis
1002 3670 1157 3746 bractea

129 3783 256 3881 magis
290 3784 403 3861 basin
435 3784 522 3861 folii
553 3783 688 3874 refert,
726 3811 849 3887 quam
875 3784 1041 3887 apicem,
1079 3807 1157 3884 qua

129 3895 174 3972 in
198 3920 242 3974 re
266 3923 360 3974 cum
383 3899 624 3996 tegminibus
648 3922 899 3998 gemmarum
924 3897 1117 3973 convenit

188 4093 191 4100 ,
228 4011 400 4089 Afoliis
432 4011 636 4088 interdum
668 4009 870 4088 difficilius
909 4009 1158 4108 distinguun-

129 4138 214 4214 tur,
245 4138 284 4204 et
314 4125 410 4203 folia
440 4125 483 4201 in
512 4124 617 4226 ipsas
646 4137 867 4213 transeunt,
892 4123 963 4202 sed
988 4147 1072 4202 non
1097 4148 1156 4210 re·
