2852 4872
567 377 731 452 etos.
1082 377 1156 456 271

136 691 211 768 lala
236 687 436 766 decidunt.
488 688 551 764 Sic
577 711 741 790 quoque
764 708 880 762 verus
905 683 1026 784 calyx,
1058 711 1090 764 e.
1122 711 1157 788 g.

135 803 303 903 Lychnis
329 799 483 877 dioicae
508 827 529 878 a
554 800 783 903 pedunculo
811 799 1000 877 discretus
1026 813 1092 877 est

232 912 464 993 Secundum
509 915 785 1016 Sprengelium
828 912 932 1013 calyx
973 927 1046 1002 est,
1087 913 1157 1017 qui

134 1029 363 1134 praesertim
401 1030 574 1104 cutaneis
614 1029 811 1127 glandulis
855 1041 913 1105 est
950 1027 1158 1128 insignitus

130 1142 299 1249 (Auleit
326 1165 356 1214 z.
381 1146 548 1220 Kenutn.
574 1141 610 1216 d.
637 1146 742 1218 Gew.
769 1147 802 1218 1.
826 1169 863 1244 p.
889 1142 1005 1239 leli).
1056 1146 1157 1222 Sane

133 1253 410 1358 glandularum
442 1254 658 1353 praesentia
684 1270 920 1333 structuram
948 1253 1158 1334 'soliaceam

132 1369 288 1447 indicat
325 1375 375 1446 At
399 1389 483 1442 nou
508 1390 665 1470 semper
687 1370 730 1444 in
748 1371 896 1448 corolla
918 1383 1059 1459 carent,
1083 1389 1157 1446 nee

131 1507 289 1586 semper
307 1481 349 1556 in
367 1479 495 1578 calyce
512 1483 695 1583 copiosae
710 1485 972 1584 reperiuntur,
988 1507 1061 1560 nee
1077 1487 1156 1561 Au·
1229 1566 1231 1583 Ι
1301 1547 1305 1560 .

132 1609 218 1674 otor
242 1594 464 1672 absolutam
489 1594 616 1671 voluit
640 1621 723 1672 esse
749 1595 1023 1673 differentiam.

228 1707 347 1806 Calyx
395 1705 540 1808 duplex
586 1707 629 1782 in
668 1709 784 1784 variis
825 1707 1157 1787 animadvertitur.

133 1823 346 1921 Quaeritur
375 1843 425 1894 au
449 1843 539 1896 vere
565 1817 671 1918 calyx
694 1822 744 1897 sit
768 1821 922 1924 duplex,
947 1847 997 1898 an
1029 1821 1156 1924 dupli·

132 1950 241 2013 catus
289 1932 438 2034 duplici
481 1931 711 2032 phyllorum
755 1937 866 2012 serie.
943 1935 1157 2039 Dupliccm

75 2039 78 2047 ’
134 2049 300 2127 dixerim
333 2072 426 2123 cum
459 2045 627 2122 exterior
656 2047 774 2122 series
805 2071 877 2126 seu
901 2049 1009 2126 orbis
1034 2049 1156 2153 stipu-

130 2160 392 2258 lisanalogus
418 2171 490 2246 est,
514 2158 681 2234 interior
695 2157 826 2249 ¹foliis,
851 2159 964 2262 quod
988 2162 1155 2266 ¹quidem

131 2278 174 2352 in
196 2272 402 2377 Malyaceis
427 2271 563 2348 locum
587 2271 733 2350 habere
756 2272 923 2351 ridetur.

228 2387 346 2484 Calyx
370 2410 486 2487 saepe
508 2386 667 2463 brevior
691 2399 750 2464 est
773 2386 936 2476 corolla,
962 2384 1061 2466 dum
1078 2387 1152 2468 flo-

107 2491 190 2580 ret
219 2498 368 2602 planta,
400 2513 491 2578 aute
522 2497 811 2578 florescentium
843 2497 1003 2598 longior
1026 2501 1153 2578 corol-
1238 2519 1240 2534 ·

129 2617 210 2692 lam
234 2630 379 2712 tegens,
1095 2645 1097 2652 ’

132 2839 234 2930 161.
296 2781 467 2952 (Ῑειίγιιι
491 2844 576 2924 aut
623 2847 698 2924 est.
739 2838 1030 2956 polyphyllus,
1068 2849 1158 2934 aut,

190 2976 491 3093 monophyllus
527 2970 591 3110 ad
627 2973 861 3098 labiatam
906 2972 1152 3068 accedens

192 3113 424 3253 sormam.

226 3296 375 3395 Calycis
422 3295 640 3400 polyphylli
688 3309 815 3399 partes
868 3296 1083 3395 singulares
1130 3325 1152 3378 a

129 3409 338 3490 Candollio
368 3409 593 3488 Neokerum
630 3424 764 3488 secuto
798 3409 928 3512 sepala
951 3425 1152 3502 vocantur,
1279 3491 1287 3506 Ι
1375 3449 1380 3464 ,

127 3549 225 3602 voce
253 3522 427 3601 barbara.
482 3527 684 3602 Habemus
708 3547 856 3628 vocem·
872 3517 1054 3624 phyllum
1078 3549 1152 3602 no-

127 3638 334 3725 tissimam,
367 3638 417 3712 ab
450 3638 632 3740 Antiquis
661 3635 820 3738 jamjam
843 3638 999 3739 plantae
1025 3639 1151 3737 (Mer-

128 3750 287 3848 curiali)
305 3750 565 3851 impositam,
608 3777 730 3854 quam
766 3765 870 3828 certe
902 3749 1151 3852 praeferrem,

127 3863 355 3966 praesertim
381 3887 474 3938 curn
503 3865 692 3942 vocabula
723 3865 977 3942 usitatissima
1006 3887 1150 3942 mono·

126 3975 284 4080 phyllus
329 3989 367 4053 et
410 3975 662 4080 polyphyllus
703 3981 746 4054 in
786 3974 1070 4078 monosepalus
1114 3991 1150 4054 et

127 4087 376 4194 polysepalus
400 4095 591 4174 mutanda
617 4097 704 4174 sint
