2838 4874
296 345 371 429 tae
666 327 951 423 statutus

296 533 390 622 nota
414 541 526 620 haud
548 539 740 642 mutanda
764 539 972 629 differunt,
997 565 1029 620 ε.
1054 565 1089 642 g.
1115 540 1322 640 Gorydalis

297 657 550 747 eFumaria‚
582 655 812 759 praesertim
844 679 903 744 ea,
941 678 1044 758 quae
1078 669 1242 733 emotu
1265 657 1321 732 vi-

296 770 362 847 tali
388 769 551 873 pendet,
576 795 607 846 e.
633 794 666 869 g.
700 769 969 847 contractione
999 768 1199 848 umbellas
1231 783 1322 872 post

297 884 588 962 florescentium
612 885 654 960 in
678 887 817 961 Dauco
844 897 913 962 etc.
1042 951 1047 962 .

392 998 634 1098 Rejiciantur
658 1023 822 1101 quoque
846 1013 980 1088 notae,
1006 1022 1108 1100 quae
1131 996 1207 1076 levi
1232 1023 1321 1076 mu·

295 1113 445 1191 tatione
471 1113 567 1188 aliae
591 1107 742 1189 fierent
792 1115 856 1192 Sic
889 1113 1085 1202 Armenii,
1114 1111 1319 1214 pedicellis

298 1228 420 1305 auctis
454 1227 595 1304 statice
628 1242 743 1312 esset,
776 1227 870 1304 hinc
907 1251 990 1302 non
1017 1225 1231 1327 separanda
1256 1250 1320 1324 ge-

296 1365 406 1428 nera;
444 1342 499 1417 sic
534 1340 661 1443 petala
699 1339 962 1418 Trifoliorum
994 1339 1069 1416 levi
1101 1339 1320 1418 accretione

297 1453 465 1532 Trifolia
489 1454 746 1556 monopetala
771 1456 914 1560 sistpnt
938 1469 1008 1530 etc.

269 1571 271 1576 ’
394 1570 435 1646 Si
452 1591 632 1670 quoque
664 1582 782 1645 notae
813 1568 933 1646 nullis
957 1566 1152 1643 limitibus
1177 1565 1321 1644 descri-

294 1681 449 1759 bendae
481 1683 573 1771 sint,
606 1681 846 1780 rejiciantur,
872 1707 965 1758 nam
991 1680 1034 1757 id
1059 1682 1193 1784 ipsum
1217 1681 1321 1757 indi·

296 1809 370 1883 cat,
409 1810 524 1872 notas
564 1797 684 1874 nimis
722 1822 805 1874 esse
840 1797 1054 1874 variabiles.
1117 1797 1182 1873 sic
1216 1797 1322 1873 inter

297 1910 540 1988 corollarum
563 1909 713 1990 formas
740 1913 889 1988 Salviae
913 1911 1013 1987 nulli
1038 1911 1183 1988 limites
1199 1925 1303 1986 sunt

391 2029 438 2101 In
463 2026 616 2123 magnis
641 2026 851 2125 generibus
876 2025 1094 2122 subgenera
1124 2025 1321 2125 designari
1396 2081 1397 2110 ³

294 2151 479 2240 possunt,
523 2154 571 2215 ut
617 2142 840 2242 specierum
886 2140 1060 2238 cognitio
1101 2138 1322 2216 fecilitetur.

292 2255 399 2329 llaec
424 2277 470 2328 ex
495 2253 656 2332 arbitrio
674 2255 858 2358 pendent
907 2253 1149 2331 Nominibus
1165 2254 1217 2332 ad
1233 2277 1322 2332 rem

293 2362 559 2443 facilitandam
585 2366 947 2468 distingueretur„
1052 2409 1055 2416 ·
1169 2417 1170 2424 κ

392 2479 601 2557 Character
633 2485 823 2560 omnibus
860 2483 1065 2585 speciebus
1103 2482 1322 2560 conveniat

292 2593 376 2670 Hac
412 2595 455 2669 in
491 2619 535 2672 re
575 2619 691 2698 saepe
722 2597 896 2700 peccavit
932 2598 1145 2686 binmaus,
1196 2621 1321 2699 quem

293 2705 436 2809 reliqui
463 2709 575 2810 quasi
601 2713 881 2800 caecutientes,
907 2712 1029 2788 secuti
1055 2725 1158 2787 sunt

391 2823 601 2900 Cbaracter
633 2826 846 2902 essentialis
877 2838 935 2902 est
975 2823 1198 2902 seeundum
1227 2823 1321 2901 Lin-

291 2959 439 3012 naeum
471 2935 540 3037 qui
573 2959 698 3035 genus
732 2939 780 3014 ab
816 2939 1005 3017 omnibus
1029 2939 1114 3016 aliis
1139 2937 1320 3036 ejusdem

292 3047 446 3124 ordinis
472 3064 539 3126 aut
562 3050 760 3153 plerisque
784 3077 866 3130 una
891 3066 959 3132 aut
981 3054 1228 3156 paucissimis
1245 3079 1320 3131 no-

290 3159 339 3234 tis
365 3159 578 3261 distinguit.
624 3209 626 3216 ·
876 3241 878 3244 .

295 3299 298 3304 ·
387 3275 596 3355 Character
634 3278 805 3357 factitius
851 3297 909 3360 est
955 3283 1007 3360 ita
1055 3297 1317 3386 comparatus,

287 3400 335 3463 ut
366 3409 490 3486 genus
524 3391 572 3466 ab
604 3394 795 3470 omnibus
828 3396 911 3472 aliis
943 3395 1122 3492 ejusdem
1163 3397 1319 3492 ordinis

290 3515 358 3577 aut
393 3502 576 3580 sectionis
614 3504 835 3605 distinguat.
898 3509 1000 3586 Hinc
1026 3526 1219 3610 augentur
1242 3537 1318 3588 no-

287 3624 350 3690 tae
391 3639 484 3692 curn
532 3640 723 3715 generum
769 3645 961 3699 numerus
1008 3641 1188 3724 augetur,
1239 3625 1317 3701 nisi

287 3729 527 3806 sectionibus
558 3733 780 3809 constitutis
813 3734 980 3814 nimiam
1020 3739 1318 3839 longitudinem

287 3841 414 3918 evites.

289 3981 292 3988 ·
383 3938 580 4036 'terminis
615 3960 899 4042 describendus
933 3981 1006 4055 est,
1040 3991 1126 4044 non
1151 3995 1226 4072 pro
1251 3965 1329 4050 lu·v

283 4067 370 4146 bitu
405 4068 620 4174 lingendis,
659 4092 727 4154 aut
762 4101 858 4178 vage
891 4079 1098 4180 eligendis,
1130 4083 1202 4161 sed
1234 4082 1317 4160 nisi
