2840 4878
541 389 739 466 nam-x.
1081 391 1157 466 ua
1279 463 1283 476 ,

124 595 200 688 82.
265 593 670 712 Anamorphosis
715 591 897 684 radicis
945 609 1020 688 est
1061 613 1157 688 cdr-

189 715 376 838 nositas,
410 725 746 855 luberuscentz'm
780 737 1099 827 rhz'zomatosz's.

226 929 355 1008 Radix
377 933 542 1007 carnosa
564 927 610 1003 fit
634 942 707 1002 aut
727 945 819 1004 cum
835 942 968 1006 cortex
983 955 1157 1030 praeser-

123 1044 202 1120 tim
227 1046 477 1130 incrassatur,
503 1055 570 1118 aut
594 1067 687 1116 cum
711 1041 875 1139 lignum.
927 1035 1070 1120 Cortex
1097 1046 1158 1122 in·

125 1174 324 1235 crassatur
356 1171 423 1236 aut
447 1158 595 1258 absque
620 1156 761 1244 stratis,
783 1182 825 1232 e.
851 1181 884 1255 g.
908 1158 951 1234 in
983 1160 1157 1238 Brassica

123 1273 255 1373 Rapa,
281 1285 348 1355 aut
377 1271 505 1346 stratis
520 1295 552 1346 cw
576 1284 761 1346 contextu
778 1271 969 1348 celluloso
988 1298 1153 1376 compo·

125 1388 212 1462 sitis
239 1400 278 1462 et
294 1387 382 1461 ‘sibi
414 1381 729 1487 'superimpositis
755 1409 839 1460 non
863 1388 1037 1477 radiatis,
1064 1414 1094 1464 e.
1120 1413 1154 1488 g.

122 1501 167 1576 in
200 1505 294 1576 Beta
325 1499 462 1586 rubra,
499 1505 692 1600 Ipomoea
721 1498 868 1601 Ialapa,
902 1503 1153 1582 auci-adiaco

120 1615 455 1716 strato‘apposito
482 1615 549 1712 (81
560 1614 586 1709 ).

123 1773 126 1778 -
223 1728 402 1828 Lignum
422 1751 634 1802 carnosum
659 1726 713 1814 fit,
740 1753 832 1804 cum
857 1729 948 1808 loco
966 1757 1154 1810 vasorum

122 1843 374 1919 fibrosornm
390 1840 718 1941 proseuchymate
733 1845 907 1944 repletur
922 1846 1023 1923 intra
1040 1849 1153 1948 quod
1222 1919 1224 1924 .

122 1956 303 2034 fasciculi
335 1979 522 2030 vasorum
553 1953 755 2053 spiralium
789 1957 1028 2048 nidulantur.
1089 1967 1153 2038 ln-

121 2071 289 2148 terdum
315 2068 451 2146 omnia
478 2066 622 2142 desunt
645 2093 733 2145 vasa
759 2069 923 2158 fibrosa,
948 2073 1152 2151 interdum

121 2185 362 2286 paucissima
399 2206 486 2255 vasa
531 2181 685 2280 spiralia
727 2185 916 2260 ambiunt.
981 2189 1153 2287 Lignum

123 2297 341 2376 carnosum
365 2295 750 2372 radicismedullam
775 2297 894 2374 refert
919 2300 1023 2397 (72).

191 2437 193 2442 ·
221 2411 391 2490 Radices
423 2434 495 2484 seu
511 2409 660 2509 potius
690 2411 888 2488 radiculae
920 2403 1151 2492 tuderoscen-

122 2543 175 2604 ter
202 2552 275 2603 seu
298 2525 492 2602 tuberosae
516 2523 683 2624 duplicis
709 2528 861 2623 generis
886 2543 986 2604 sunt
1042 2528 1150 2605 Aliae

120 2640 390 2718 bulbisormes
424 2639 498 2714 sub
532 2661 690 2735 gemma
722 2626 906 2716 oriuntur
931 2656 970 2718 et
993 2663 1150 2739 gemma
1194 2717 1195 2725 ,

122 2754 312 2855 explicata
345 2766 592 2849 wersuguntur
624 2767 662 2828 et
697 2769 880 2855 pereunt,
930 2754 1029 2832 dum
1076 2757 1150 2832 alia

119 2866 300 2943 radicula
324 2867 511 2942 tuberosa
527 2867 738 2980 enascitur.¹
781 2867 1021 2964 Huiusmodi
1042 2885 1150 2966 gem-

119 3007 211 3058 mas
236 2978 458 3058 Orchideae
481 2979 650 3068 hahent„
686 2979 812 3056 Altius
829 3006 986 3082 semper
1000 2983 1041 3058 in
1060 3007 1150 3058 cau*

119 3095 169 3170 lis
201 3094 286 3170 basi
313 3094 486 3180 exoritur
514 3107 671 3190 gemma
689 3107 735 3170 et
766 3096 840 3170 sub
866 3097 936 3170 ista
962 3121 1065 3192 nora
1089 3121 1151 3174 ra·-
1272 3153 1275 3160 -

120 3207 255 3284 dicula
284 3207 545 3284 tuberascens.
599 3209 702 3287 Rem
732 3209 834 3284 bene
859 3209 1040 3310 exposuit
1063 3209 1149 3285 Tri-

118 3323 225 3396 stan¹
246 3323 400 3418 (Mem'
421 3319 492 3396 du·
509 3326 698 3398 Museum
725 3327 768 3398 T.
795 3326 851 3398 lt.
876 3350 912 3424 p.
938 3323 1029 3418 tu).
1086 3322 1150 3398 Fi-

118 3457 214 3532 gura
245 3447 302 3510 est
326 3435 500 3532 globosa,
527 3433 664 3522 ovalis,
691 3436 880 3533 oblonga,
905 3437 1054 3533 integra
1081 3449 1149 3512 aut

117 3550 260 3649 partita
286 3562 324 3624 et
347 3548 526 3649 palmata
575 3551 739 3624 Constat
764 3575 785 3626 e
808 3548 1147 3647 fasciculisligno·

119 3661 169 3736 sis
201 3687 277 3764 per
313 3675 540 3738 contextum
577 3663 814 3740 cellulosum
850 3666 1058 3766 separatim
1096 3663 1147 3740 ad

120 3776 272 3874 apicem
298 3800 427 3878 usque
453 3779 756 3854 excurrentibus.

216 3889 323 3966 Aliae
355 3888 553 3967 radiculae
582 3892 792 3968 tuberosae
826 3915 909 3967 non
940 3891 1011 3966 uni
1038 3913 1144 3988 gem-

120 4001 210 4076 m'ae
235 4002 411 4078 addictae
437 4017 542 4092 sunt,
569 4027 641 4079 nec
667 4004 740 4078 h'ac
766 4005 948 4104 explicata
966 4000 1143 4104 pereunt,
1183 4007 1185 4020 '

40 4173 49 4180 .
120 4113 189 4191 sed
215 4141 289 4216 pro
315 4130 395 4194 tota
419 4117 550 4220 planta
575 4141 751 4216 gemmas
777 4133 815 4223 et
840 4117 969 4196 caules
993 4117 1143 4196 subter-
