2840 4878
554 357 776 444 cautas
1105 357 1178 432 ras

134 567 282 632 tamen
314 555 415 656 parti
447 553 617 655 principi
651 553 815 640 similes,
848 555 910 630 iel
940 563 1085 654 parum
1126 555 1176 634 ab

135 664 230 764 ejus
270 667 415 746 fabrica
451 667 680 744 recedentes
722 667 929 754 dividitur,
974 695 1056 770 quo
1086 671 1176 750 reli-

135 805 247 882 quas
288 798 416 884 partes
451 783 608 883 plantae
645 807 694 858 eo
739 783 866 883 ‘aptius
915 783 1102 860 emittere
1138 798 1177 860 et

133 898 341 974 sustinere
367 909 493 998 queat
517 895 677 994 Lutea
698 898 863 973 Ιηειίιιιι.
889 898 938 974 1t
963 924 1033 996 reg.
1060 899 1090 994 ἕ.
1116 902 1174 974 61.

134 1011 310 1086 Caudex
342 1010 520 1110 lignosus
553 1007 694 1084 durior
724 1009 766 1086 in
793 1010 1002 1086 arboribus
1030 1024 1067 1087 et
1091 1010 1173 1088 fru-

131 1122 291 1200 ticibus
327 1138 490 1200 truncus
527 1121 759 1222 appellatur,
796 1123 960 1200 mollior
994 1137 1032 1200 et
1057 1149 1172 1226 saepe

132 1233 362 1312 herbaceus
394 1238 437 1311 in
461 1235 688 1312 minoribus
712 1236 855 1338 plantis
881 1237 1004 1314 caulis
1028 1237 1174 1314 dicitur

132 1347 231 1426 r‘bae‘d.
258 1351 288 1446 S.
313 1353 370 1426 63.

242 1465 413 1539 Cormus
438 1463 641 1561 (Stamm)
668 1477 725 1540 est
748 1487 855 1565 pars,
889 1489 991 1565 quae
1017 1463 1170 1548 caudioi

128 1577 209 1652 'aut
232 1587 377 1654 trunco
401 1578 587 1678 imposita
613 1590 678 1664 est
704 1591 742 1653 et
765 1575 1004 1679 plerumque
1025 1577 1169 1654 florem

129 1687 399 1790 fructumque
444 1691 617 1768 mediate
666 1704 733 1765 aut
784 1691 1014 1769 immediate
1059 1692 1170 1790 gerit.

134 1803 279 1890 Caulis
316 1804 520 1903 (stengel)
555 1816 612 1880 est
642 1827 802 1880 cormus
826 1819 929 1882 teres
954 1820 1023 1884 aut
1048 1829 1170 1904 angu-

132 1915 254 2005 laris,
286 1942 458 2018 superne
489 1931 725 2004 attenuatus,
754 1917 893 1994 'viridis
925 1934 993 1998 aut
1025 1919 1170 2008 fuscis,

131 2027 238 2106 folia
268 2055 417 2129 gerens.
448 2030 668 2110 Bernhardi
694 2031 832 2106 Anler't.
865 2062 895 2106 z.
927 2033 1094 2112 Kenntn.
1130 2035 1167 2113 d.

131 2141 219 2246 Pst.
241 2174 279 2246 p.
305 2149 364 2222 83.
570 2175 576 2190 ‘
831 2225 833 2236 ,
1067 2169 1070 2176 “

239 2259 371 2334 Caulis
409 2271 466 2332 est
500 2283 590 2359 pars
627 2256 800 2359 plantae,
838 2283 940 2359 quae
977 2285 998 2334 a
1036 2259 1169 2338 radice

131 2369 379 2474 plerumque
404 2369 642 2447 adscendere
667 2371 819 2458 nititur,
844 2369 940 2448 folia
965 2371 1166 2473 floresque

133 2505 288 2585 gerens.
336 2485 400 2562 De
426 2485 599 2563 Candoll.
629 2487 669 2564 T
664 2485 762 2562 beor.
788 2485 928 2563 Bolum
957 2515 1041 2562 vers.
1066 2487 1165 2564 Boe·

133 2627 226 2676 mer.
258 2601 301 2676 T.
326 2601 361 2673 2
381 2628 418 2700 p.
444 2602 502 2675 94.

153 2765 156 2772 -
237 2708 398 2788 Caudex
429 2711 672 2788 adscendens
699 2726 757 2788 est
780 2713 1031 2813 prolongatio
1057 2711 1166 2814 plan·

133 2838 203 2915 tae
234 2850 352 2925 supra
384 2839 529 2904 terram
561 2840 628 2902 aut
652 2826 785 2902 solum
810 2825 851 2899 in
877 2849 1029 2922 genere.
1077 2829 1167 2902 Huc

133 2939 338 3040 pertinent
386 2963 560 3027 eormus,
607 2939 914 3026 inflorescentia‚
960 2937 1056 3014 folia
1094 2951 1163 3014 cet.

135 3053 314 3133 Cormus
345 3066 402 3127 cst
433 3079 522 3154 pars
554 3052 729 3154 plantam
759 3050 942 3140 fitlciens,
978 3050 1163 3128 inflores-

134 3165 317 3254 centiam,
334 3163 428 3244 folia.
446 3181 514 3242 cet
531 3191 680 3266 gerens.
711 3163 856 3263 vliuius
881 3167 1045 3270 species:
1072 3191 1163 3242 cau·

134 3277 226 3366 dex,
259 3293 436 3369 truncus,
470 3282 607 3371 caulis,
646 3281 820 3366 culmus,
850 3303 1004 3382 scapus,
1023 3279 1161 3380 stipes,

131 3393 281 3480 rachis,
312 3395 533 3494 podetium‚
557 3410 816 3482 sarmentum,
842 3393 957 3482 stolo,
982 3393 1164 3496 petiolas

132 3507 405 3609 pedunculus,
429 3525 527 3598 seta,
552 3509 695 3611 hypha.
736 3510 964 3590 Wlldmooe
989 3509 1162 3594 'Grande

132 3623 169 3698 d.
196 3622 397 3701 Kniuterl.
423 3625 498 3702 Ed
524 3628 558 3703 6.
585 3624 615 3721 5.
641 3626 698 3699 14.
723 3626 780 3700 15.
986 3640 988 3646 '

235 3735 367 3814 Caulis
397 3751 457 3818 est
485 3763 575 3840 pars
599 3737 755 3840 plantae
779 3737 965 3839 penuaria
989 3737 1163 3840 plerum·

136 3870 216 3950 que
240 3850 463 3930 secundum
487 3851 633 3932 lineam
658 3848 881 3931 verticalent
899 3847 1162 3936 adscendens.
1199 3885 1202 3893 ·

137 3982 160 4038 e
185 3987 268 4062 quo
292 3965 407 4054 rami,
431 3964 545 4053 folia.
569 3963 690 4046 flores
714 3964 924 4070 prodeunt
984 3965 1163 4067 Sprengel

141 4074 280 4154 Anteae.
304 4107 335 4156 z.
362 4081 526 4160 Kouma.
543 4082 590 4158 d.
621 4079 718 4168 Geu-
743 4081 879 4160 Eat-a.
903 4107 939 4184 p.
964 4081 1022 4159 52.
1106 4159 1111 4166 .
