2852 4872
642 1145 930 1256 FLOS.

272 1535 373 1632 147.
433 1533 546 1624 Flos
577 1541 654 1620 est
683 1555 870 1650 gemma,
904 1521 1117 1619 stamina
1146 1525 1299 1647 pistil-

330 1676 438 1765 lave
482 1683 568 1761 aut
603 1682 817 1789 utraque
855 1664 1145 1792 immediate
1181 1693 1299 1786 pro·

330 1814 514 1907 ferens.

366 1986 461 2064 Flos
495 1998 553 2060 est
584 2007 758 2081 gemma,
790 2002 875 2057 non
908 1981 1042 2058 solum
1071 1980 1192 2080 igitur
1223 1994 1298 2056 sta·
1408 2017 1409 2022 Ν

270 2102 379 2180 mina
410 2098 601 2202 pistillave
633 2097 826 2184 continet,
857 2095 927 2172 sed
953 2119 1117 2197 quoque
1140 2093 1298 2171 involu·
1408 2107 1409 2144 ³

272 2242 336 2295 cra
375 2239 419 2292 ea
456 2211 698 2288 includentia
737 2223 775 2285 et
814 2208 992 2307 tegentia.
1050 2208 1225 2284 Stamina
1259 2222 1324 2284 et·

128 2347 131 2356 ’
269 2328 414 2435 pistillo
455 2323 686 2402 immediate
726 2321 892 2424 profert,
933 2323 957 2396 i.
991 2345 1022 2397 e.
1053 2346 1137 2398 non
1179 2321 1298 2397 aliam

269 2463 470 2542 gemmam
506 2437 708 2541 protrudit
740 2461 865 2538 equa
890 2449 1123 2523 nascuntur,
1153 2435 1296 2512 seder

267 2557 351 2659 ipsa
377 2577 534 2652 gemma
560 2550 709 2628 emittit

349 2667 492 2756 ‚Floris
522 2681 651 2768 partes
683 2690 766 2742 esse
796 2663 892 2742 folia
922 2677 1072 2741 mutata
1103 2687 1188 2739 non
1229 2690 1293 2741 so·

268 2784 355 2862 lum
379 2784 573 2885 probatur
597 2781 675 2856 situ
699 2780 927 2859 verticillato
954 2779 1168 2856 alternante
1187 2777 1294 2856 foliis

266 2897 449 3000 proprio,
481 2894 553 2972 sed
585 2919 749 2996 quoque
780 2895 1001 2972 mutatione
1025 2893 1126 2994 ipsa,
1153 2915 1293 2968 omnes

268 3012 377 3089 enim
407 3012 555 3088 morbo
589 3023 657 3086 aut
686 3023 915 3087 monstroso
950 3007 1095 3084 assectu
1124 3006 1167 3082 in
1198 3005 1293 3083 folia

267 3111 437 3202 mutatas
480 3148 580 3212 esse,
625 3123 860 3223 experientia
911 3121 1057 3199 docuit
1131 3121 1294 3217 Quaerit

267 3237 419 3316 Cassini
463 3239 618 3336 (lourn.
669 3236 705 3311 d.
750 3236 864 3334 Phys.
911 3239 956 3311 T.
999 3239 1057 3312 89.
1108 3262 1146 3335 p.
1183 3233 1293 3331 tot.)

267 3373 338 3426 eur
380 3349 475 3427 solia
517 3351 560 3426 in
596 3363 725 3452 partes
763 3349 1024 3449 generationis
1061 3347 1145 3424 vice
1180 3344 1293 3424 versa

265 3487 349 3540 non
385 3477 600 3540 mutentur.
665 3461 1011 3566 Respondendum
1046 3475 1104 3536 est
1135 3485 1293 3562 semper

264 3573 307 3652 id
331 3573 427 3664 fieri,
454 3601 547 3653 cum
572 3576 702 3678 planta
726 3575 845 3651 floret
870 3589 908 3651 et
931 3574 1158 3676 saepissime
1181 3601 1291 3652 mor-

263 3690 366 3767 boso
404 3687 548 3767 affectu
583 3689 628 3767 id
659 3689 770 3797 prius
795 3685 904 3778 fieri
937 3715 1060 3792 quam
1085 3688 1177 3766 alias
1201 3689 1288 3768 fieri
1407 3721 1408 3792 p

264 3803 372 3882 solet
425 3803 502 3882 Cfr.
527 3819 660 3881 tamen
687 3809 768 3880 119.

356 3920 456 3996 Ante
479 3919 700 3996 Linnaeum
724 3915 869 3994 florem
894 3918 1087 3997 corollam
1118 3919 1287 4022 appella·

260 4029 363 4107 bant.
424 4033 621 4110 Linnaeus
656 4057 751 4111 vero
788 4025 1000 4135 praecipue
1037 4035 1202 4111 stamina
1242 4058 1286 4110 ac

157 4206 160 4217 .
207 4178 211 4182 ·
258 4144 418 4246 pistillo,
450 4161 538 4225 tum
564 4173 734 4252 quoque*
752 4148 925 4245 calycem
951 4162 990 4225 et
1014 4148 1208 4226 corollam
1234 4145 1304 4224 ad·
1345 4183 1347 4189 ¹
