2838 4874
381 321 894 400 unruouotoult.
1080 325 1152 404 469
1268 378 1271 388 .

547 765 727 912 Μ

279 991 1098 1168 unruooocooleq

13 1473 16 1480 ,
117 1377 239 1492 243(
279 1370 614 1494 Methodologz'u
655 1349 773 1490 ¹non.
807 1319 987 1484 sulum
1033 1353 1142 1470 int)-¹

178 1513 300 1604 dum
330 1512 493 1614 ,docet
525 1514 862 1632 quoseientia
885 1512 1139 1618 doceatur.

176 1651 266 1746 sed
286 1681 387 1773 quo
409 1665 773 1772 promoveatur
793 1667 843 1744 et
865 1667 1113 1768 augeatur.

210 1823 277 1904 Ad
299 1822 644 1922 Methodologiar'n
680 1824 850 1926 pertinet
866 1823 1028 1924 ,modus
1062 1808 1135 1902 do'-

113 1939 228 2016 cendi
259 1937 476 2034 scientiam,
506 1950 595 2013 tum
625 1937 799 2015 subsidia
823 1936 1015 2032 litteraria
1056 1938 1135 2018 Ille

110 2055 285 2156 tironem
308 2050 442 2138 refert,
466 2049 563 2126 haec
587 2051 833 2132 Botanicum.
914 2053 917 2058 '

205 2166 379 2260 Loculos
410 2161 565 2242 tantum
594 2163 851 2263 indicaverim
883 2166 933 2244 ab
964 2157 1052 2272 aliis
1072 2189 1131 2244 re-

19 2344 22 2349 .
109 2280 289 2385 plendos.
733 2286 737 2293 “

108 2478 210 2574 244.
272 2453 381 2570 'Tiro
415 2475 724 2568 omniafere
757 2505 816 2567 ex
845 2505 941 2580 usu
972 2475 1129 2605 addis-

170 2629 265 2723 cat,
295 2611 540 2746 Botonicus
570 2615 644 2706 nil
675 2645 734 2707 ex
763 2643 859 2706 usu
890 2615 1050 2711 saciat.

203 2789 315 2881 Quae
338 2785 458 2862 tironi
482 2772 710 2888 peragenda
723 2776 815 2872 sint,
840 2775 1126 2888 optime'expo-

105 2898 184 2975 suit
216 2899 413 3000 Linnaeus
450 2900 493 2976 in
526 2899 629 2976 calce
660 2897 951 3000 Philosophiae
967 2899 1131 3002 ‚bocania

105 3008 180 3088 cae.
219 3014 429 3114 Sequentia
446 3013 774 3115 praecipua'sunt,
791 3013 925 3116 paullo
942 3016 1103 3092 inutata.

197 3131 329 3203 Partes
344 3127 498 3228 plantae
513 3126 591 3202 sibi
602 3125 746 3231 'red-dat
761 3127 993 3204 notissimas.
1026 3125 1124 3228 Vols·

103 3241 315 3338 gatissimas
340 3239 490 3342 plantas
516 3266 537 3314 a
562 3237 663 3317 facie
685 3240 986 3336 herbationibus
1003 3238 1125 3314 discat

105 3353 342 3452 dignoscere.
397 3352 565 3452 Colligat
599 3369 637 3430 et
670 3355 832 3431 exsiccet
854 3355 939 3456 ipse
963 3345 1123 3456 plantis,

105 3479 301 3568 quotquot
332 3465 486 3566 poterit
544 3467 693 3544 Classes
729 3483 766 3544 et
798 3467 973 3546 Ordines
997 3470 1123 3564 syste-

103 3580 215 3655 matis
239 3577 454 3676 cujusdam,
479 3581 709 3678 praesertim
727 3579 922 3667 naturalis,
946 3601 1121 3654 necnon

103 3693 290 3770 terminos
314 3693 404 3767 artis
428 3691 668 3782 sibireddat
695 3678 932 3768 familiares.⁸
967 3680 1120 3768 Genera

101 3807 210 3908 plura
248 3805 468 3882 secundum
502 3809 654 3883 Genera
676 3804 914 3907 plantarum
949 3805 1117 3880 Iussieui

103 3919 305 4005 examinet,
332 3919 447 3994 etsie
472 3927 636 4022 quoqne
660 3920 807 4022 species
831 3919 963 4022 plures
980 3940 1118 3993 secun·

101 4034 196 4110 dum
221 4031 484 4110 Willdenowi
519 4032 810 4135 descriptiones.
858 4031 1123 4108 'characteres
