2836 4878
253 359 328 436 298
684 357 847 438 FLOS.

352 555 481 654 Stylus
512 578 584 656 per
613 554 844 634 columnam
874 552 1050 634 decurrit
1080 553 1278 650 fasciculis

254 669 393 770 ligneis
430 667 743 768 dignoscendus,
784 668 893 758 alias
915 695 1009 747 cum
1040 671 1277 748 staminibus

253 784 372 889 plane
400 799 602 863 connatus.
660 783 810 880 Stigma
836 782 945 860 haud
971 784 1185 863 discretum
1213 799 1278 874 est,

254 925 349 978 nam
381 898 515 1003 plures
547 896 757 977 columnae
786 909 915 998 partes
947 898 1102 999 papillis
1127 898 1278 979 obsitae

252 1014 514 1116 reperiuntur.
561 1016 656 1087 Pars
686 1025 818 1086 tamen
844 1011 918 1086 sub
944 1012 1105 1090 anthera
1128 1013 1280 1114 promi·

252 1152 352 1206 nens
382 1153 404 1202 a
435 1123 635 1206 Richardd
667 1123 875 1212 rostellum
905 1141 1056 1216 vocata,
1094 1127 1179 1216 sine
1205 1126 1279 1212 du·

252 1243 322 1320 bio
360 1240 549 1340 stigmatis
585 1238 705 1315 habet
740 1236 999 1316 functionem.
1061 1247 1153 1324 Non
1186 1265 1278 1320 raro
1338 1323 1345 1338 ,

253 1356 440 1458 glandula
463 1354 649 1452 insignita
675 1367 746 1440 cst,
772 1378 893 1454 quam
912 1353 1085 1434 Richard
1103 1355 1280 1458 proscol-

252 1474 335 1550 lam
357 1470 572 1573 appellavit
621 1468 706 1544 Sub
730 1465 891 1548 rastello
909 1466 1022 1546 fovea
1038 1469 1280 1572 plerumque

254 1586 498 1687 conspicitur
520 1583 628 1659 risco
654 1581 762 1656 illita.

349 1696 572 1778 Richardus
603 1695 708 1774 varia
740 1692 960 1772 introduxit
984 1698 1278 1786 nomina-non

255 1814 392 1892 omnia
416 1809 632 1914 probanda.
679 1811 857 1896 Vocibus
880 1809 1085 1910 proscolla,
1101 1810 1279 1902 -rostello,

253 1927 490 2014 retinaculo,
519 1923 738 2013 caudicula,
772 1921 914 2000 locello
939 1920 1017 2021 jam
1042 1926 1103 2016 usi
1129 1949 1279 2004 sumus.

255 2040 458 2128 Bursicula
497 2064 598 2140 quae
633 2063 729 2139 apex
767 2038 918 2125 roitelli
951 2054 1167 2127 excavatus,
1204 2063 1280 2116 no·

255 2179 350 2234 men
372 2153 529 2230 ridetur
552 2153 811 2254 superfluum.
860 2155 965 2230 Cum
982 2167 1138 2254 septum
1154 2168 1279 2230 trans·

254 2269 444 2349 versalum
475 2267 664 2369 parietem
690 2266 781 2343 alias
805 2265 969 2354 indicet,
994 2270 1131 2351 malim
1157 2270 1279 2348 dissc-

255 2385 480 2488 pimentum
512 2403 667 2468 vocare,
706 2379 817 2480 quod
850 2379 1050 2459 Richardo
1076 2384 1277 2485 septulum

256 2510 323 2586 est
379 2493 683 2592 Gynostemium
715 2491 931 2570 dicendum
964 2510 1064 2571 esset
1095 2512 1277 2595 gynoste·

255 2608 458 2696 monium,
484 2607 553 2684 sed
579 2604 946 2700 columnasufficit
997 2609 1278 2691 Clinandrium

256 2723 368 2802 locus
391 2721 461 2800 ubi
488 2721 647 2802 anthera
670 2720 814 2800 inserta
840 2735 905 2810 est,
929 2721 1029 2800 mibi
1051 2725 1278 2826 superfluus

256 2835 411 2915 videtur
426 2837 636 2914 terminus.
686 2834 860 2932 Gynizus
887 2850 943 2912 est
966 2838 1095 2914 viscus
1119 2841 1277 2938 stigma-

255 2951 323 3039 tis,
355 2974 427 3029 nec
460 2948 573 3028 fovea
605 2949 662 3026 uti
686 2949 770 3026 vult
792 2949 981 3040 Richard,
1006 2951 1101 3040 binc
1124 2954 1279 3036 malum

256 3087 418 3152 nomen.
1061 3115 1065 3124 .

352 3177 696 3279 Asclepiadearum
733 3192 987 3265 structuram*
1012 3195 1278 3282 exposuerunt

117 3369 133 3394 f
257 3289 512 3388 (Koalreuter
547 3296 625 3369 Art
668 3292 786 3392 palut
824 3297 868 3368 V.
903 3299 940 3376 3.
976 3294 1086 3395 phys.
1122 3324 1159 3398 p.
1195 3297 1276 3392 cll.)

255 3405 418 3506 lacquin
450 3407 683 3504 (Miscellan.
717 3407 913 3488 austriaca·
936 3411 981 3484 V.
1015 3413 1046 3486 1.
1079 3437 1116 3510 ρ.
1150 3411 1207 3508 1.)
1239 3423 1278 3495 ei

256 3523 302 3598 R.
343 3524 488 3596 Brown
520 3521 744 3618 (Memoirs
787 3519 837 3596 of
866 3521 934 3598 the
969 3527 1155 3614 Wernnn
1191 3529 1277 3616 Nat

257 3632 352 3710 Hist
400 3633 563 3730 Society.
602 3639 644 3709 T.
679 3640 711 3709 1.
743 3661 779 3734 p.
813 3633 904 3731 12).
967 3639 1155 3724 Gemina
1171 3638 1277 3728 dnn

181 3747 184 3752 ’
260 3747 383 3825 cincta
431 3761 523 3824 sunt
541 3837 553 3862 „
569 3748 745 3848 partibus
795 3750 974 3875 quinque
1020 3753 1192 3838 carnosis
1233 3752 1279 3840 in

258 3885 381 3956 unam
414 3862 609 3949 connatis,
641 3860 847 3954 interdum⁴
875 3865 1055 3966 stipitatis
1081 3869 1279 3970 (Ceropeae

260 3975 356 4072 gia),
388 4000 508 4078 saepo
534 3975 818 4077 appendicibus
849 3980 967 4067 variis
997 3983 1144 4070 ornatis
1169 3985 1278 4082 (Sta

258 4087 383 4190 pelia)
416 4090 458 4165 in
482 4089 632 4180 multis,
662 4094 890 4192 praesertim
910 4096 1130 4198 ,cenopegia
1156 4123 1276 4200 quam
