2852 4872
572 404 735 486 FLOS.
1094 410 1169 486 255

130 627 252 707 saepe
285 580 591 715 distinguendae
622 604 801 682 bracteae
830 604 998 706 primae,
1030 631 1169 684 secun-

131 717 228 810 dae,
254 723 396 800 tertiae
421 735 491 802 etc.
515 718 823 809 ramificationis,
847 733 893 796 ut
916 719 959 794 in
992 723 1174 799 Scitami·'

130 835 237 924 neis,
274 853 346 916 aut
377 833 523 914 omissa
548 859 645 912 voce
669 832 984 922 ramificationis,
1008 833 1066 912 br.
1091 837 1169 940 pri·
1292 916 1294 935 ,

128 973 241 1039 mae,
286 950 487 1028 secundae
521 963 590 1026 etc.
656 948 698 1026 si
730 948 909 1028 bracteae
932 974 1078 1028 vacuae
1102 952 1170 1031 ad-

127 1077 245 1154 sunt,
273 1065 392 1142 altera
418 1065 580 1141 alteram
603 1061 834 1140 immediate
858 1063 1036 1154 includit,
1060 1065 1169 1144 utin

127 1179 327 1257 Armeria.

235 1292 456 1392 Singularis
480 1305 538 1369 est
560 1291 810 1370 bractearum
834 1288 1013 1372 defectus
1028 1292 1071 1370 iii
1087 1295 1169 1397 ple·
1280 1304 1286 1320 '

126 1403 272 1505 risque
305 1405 518 1485 cruciferis
551 1420 590 1487 et
619 1405 790 1484 maxime
826 1406 1089 1506 irregularem
1108 1411 1170 1486 in-

127 1516 239 1596 dicat
265 1535 514 1600 structuram.

229 1635 478 1724 Incolucrum
511 1646 664 1710 constat
697 1658 719 1710 e
749 1631 918 1710 bracteis
948 1635 991 1710 in
1025 1637 1167 1714 orbem

125 1747 284 1848 positis.
344 1749 560 1825 Terminus
592 1773 613 1824 a
644 1747 822 1824 Linnaeo
846 1749 1025 1851 primum
1049 1753 1168 1829 usita-

125 1873 197 1937 tus
238 1860 364 1958 (Phil.
400 1863 482 1939 bot.
518 1861 645 1957 tte),
684 1875 722 1938 et
758 1861 807 1937 ab
844 1863 908 1952 iis,
942 1863 1012 1965 qui
1044 1867 1167 1943 secuti

127 1989 229 2050 sunt
253 1976 450 2064 Botanici‚
474 1999 557 2052 non
584 1987 770 2052 mutatus.
919 1981 928 2000 “

234 2087 435 2166 involucri
479 2089 686 2188 singularis
722 2089 891 2165 mutatio
930 2105 987 2166 est
1027 2099 1167 2197 copulo

68 2197 71 2204 ’
128 2217 321 2279 constans
354 2228 376 2279 e
400 2203 566 2279 bracteis
589 2202 774 2305 pluribus
798 2203 843 2277 in
869 2204 1009 2280 orbem
1027 2209 1166 2309 positis

129 2315 295 2406 coalitis,
318 2331 411 2419 post
434 2317 728 2394 florescentiam
752 2316 914 2394 tandem
945 2344 1166 2398 excrescen-

127 2432 249 2508 tibus.
301 2436 425 2533 Saepe
449 2432 716 2534 pericarpium
739 2430 888 2508 format
911 2435 1104 2535 spurium.

185 2573 189 2590 ·
234 2546 390 2648 Copula
421 2547 573 2645 integra
605 2558 715 2622 extus
740 2544 967 2625 nadimenta
991 2549 1164 2627 bractea·

127 2685 228 2738 rum
259 2675 407 2736 acereta
438 2659 651 2737 ostendens
676 2672 716 2736 et
741 2660 906 2759 quidem
932 2662 1095 2764 simplex
1120 2665 1163 2742 in

130 2779 313 2869 Quercu‚
347 2784 415 2848 aut
438 2773 614 2850 valvacea
639 2788 678 2850 et
702 2772 869 2874 quidem
894 2775 1162 2876 quadrivalva-

130 2911 202 2965 cea
226 2887 269 2962 in
294 2891 401 2985 Pago
426 2890 629 2989 reperitur.

189 2987 192 2996 ’
232 3000 388 3103 Copula
419 3001 568 3098 integra
601 3015 710 3078 extus
740 2999 966 3080 rudimenta
991 3005 1161 3084 bractea-

127 3097 236 3194 rum*
258 3129 406 3192 acereta
438 3138 522 3190 non
557 3115 770 3192 ostendens
795 3115 959 3218 simplex
983 3117 1026 3192 in
1053 3122 1160 3196 Taxo

128 3231 383 3334 conspicitur.
440 3231 543 3306 Cum
575 3231 821 3308 bractearum
847 3230 1074 3310 rudimenta
1100 3255 1161 3311 ae-

127 3361 235 3424 creta
276 3369 361 3422 non
403 3346 714 3448 conspiciantur,
758 3343 940 3422 dubitare
980 3345 1072 3425 licet
1109 3343 1161 3425 de

124 3461 249 3538 hacce
273 3471 394 3562 parte.
504 3503 506 3508 ·
856 3557 860 3569 .

228 3572 384 3678 Copula
420 3571 598 3682 laciniata
637 3588 675 3652 et
713 3572 878 3652 soliacea
918 3575 961 3651 in
1011 3576 1157 3675 Corylo

127 3691 310 3769 occurrit
430 3725 432 3734 Α

148 3899 151 3906 ,
226 3805 361 3883 Varias
384 3804 625 3881 mutationes
641 3805 749 3882 subit
765 3803 918 3906 cupula.
959 3808 1039 3884 Aut
1054 3826 1158 3880 mar-

129 3919 258 4006 cescit,
282 3919 340 3994 uti
366 3915 511 3994 solium
536 3921 578 3995 in
605 3920 762 4018 Corylo,
789 3931 857 3996 aut
883 3917 1095 3996 induratur
1120 3933 1158 3997 et

129 4032 242 4136 quasi
280 4055 426 4116 nucem
468 4035 674 4110 constituit
712 4035 756 4110 in
790 4036 952 4132 Quercu
977 4047 1015 4110 et
1038 4037 1155 4132 Fago,

84 4226 86 4230 ,
129 4161 196 4224 aut
219 4144 377 4224 baccata
401 4145 447 4225 fit
472 4148 514 4223 in
540 4155 659 4226 Taxo.
