2840 4870
252 331 335 416 250,
686 325 851 404 FLOS.

350 527 457 605 Cum
484 523 638 604 fruetus
668 525 912 630 maturescit,
942 522 1147 605 interdum
1171 522 1283 600 colo-

214 699 217 708 ,
252 667 339 719 rem
370 654 500 717 mutat
536 654 574 716 et
606 639 741 742 potius
772 654 953 738 augetur,
979 663 1102 741 quam
1127 651 1284 720 contra-

251 755 362 838 hitur
377 755 583 853 (Physalis
607 753 857 852 Alkekengi).
913 751 1122 830 Interdum
1145 751 1283 828 bacca·

251 884 315 948 tus
353 869 412 957 fit,
445 867 557 969 cujus
588 865 838 946 luculentum
870 868 1096 970 exemplum
1119 866 1286 968 praebet

251 983 517 1065 Anacardium
544 981 796 1064 occidentale,

328 1087 555 1176 ¹Interdum
592 1110 769 1172 teneram
805 1095 1065 1180 substantiam
1107 1091 1283 1170 corollae
1336 1104 1338 1108 ’

252 1225 291 1290 et
315 1212 493 1290 colorem
517 1210 703 1299 imitatur,
725 1211 967 1294 inconstanti
990 1225 1125 1293 tamen
1139 1205 1283 1294 modo.

251 1326 364 1428 quod
384 1326 432 1412 ,in
457 1325 679 1424 Hyacintho
706 1324 887 1403 orientali
902 1348 1074 1404 cernere
1098 1322 1197 1399 licet.
1278 1367 1281 1374 ·

349 1440 555 1540 Singulare
592 1453 665 1526 est,
701 1438 978 1540 pedunculum
995 1515 999 1522 ,
1014 1451 1106 1539 post
1141 1435 1283 1514 flores-

251 1556 421 1641 centiam
453 1553 648 1652 elongari,
681 1567 827 1631 terram
864 1555 1010 1632 intrare
1031 1551 1197 1634 etintra
1221 1550 1282 1650 ip-

251 1695 336 1749 sam
361 1669 569 1758 occultari,
594 1667 761 1744 bracteis
787 1687 952 1770 quoque
969 1664 1283 1750 excrescentibus,

252 1798 291 1860 et
324 1781 520 1858 uncinatis
557 1781 709 1858 ibidem
734 1781 803 1877 figi
832 1797 870 1858 et
893 1783 1281 1882 seminamacurare,

251 1895 365 2001 quod
394 1897 437 1972 in
471 1895 641 1974 Trifolio
675 1898 933 1979 subterraneo
967 1896 1159 1978 videmus.
1207 1898 1282 1969 Pe·

251 2011 416 2098 duncnli
450 2011 498 2086 ab
532 2011 647 2088 initio
682 2011 944 2114 subterranei,
987 2035 1060 2088 neo
1093 2033 1178 2088 non
1203 2009 1280 2090 suh

249 2142 352 2204 terra
375 2125 564 2201 florentes
590 2140 709 2227 atque
733 2126 886 2209 semina
910 2115 1151 2208 maturantes
1171 2123 1281 2206 vide-

249 2264 342 2322 mus
366 2240 409 2316 in
432 2239 603 2336 Lathyro
625 2239 894 2340 amphicarpn,
910 2240 1052 2318 Arachi
1076 2239 1280 2342 hypogaea

251 2355 426 2455 aliisque.
542 2403 556 2438 ·,
1035 2427 1037 2436 .
1248 2409 1274 2438 λ;

272 2517 295 2556 ,z
346 2466 671 2567 Anamorphoses
694 2489 862 2568 quoque
876 2459 931 2544 ‘in‘
952 2466 1189 2568 pedunculis
1208 2468 1280 2544 ob-

249 2591 462 2656 servantur.
516 2584 565 2670 In
595 2580 819 2678 Pbyllanthi
857 2582 1063 2682 speciebus
1095 2580 1279 2668 videmus

251 2692 500 2796 pedunculos
539 2719 674 2775 revera
713 2696 756 2774 in
792 2693 889 2774 folia
929 2709 1114 2775 mutatos.
1174 2701 1279 2782 Nam

249 2806 465 2900 subseliis,
492 2802 714 2911 qui1llores·
731 2808 950 2912 proterunt
976 2809 1158 2896 videmus
1174 2836 1278 2897 mat·

238 2925 389 3022 ginem.
407 2926 722 3025 prominentem,
747 2923 835 3005 solii
860 2923 1056 3009 fulcientis
1072 2923 1280 3011 rudimen¹

248 3049 337 3112 tum
360 3037 621 3126 indicantem
647 3037 782 3117 deficit
805 3065 903 3119 vero
926 3063 1064 3137 margo
1090 3039 1277 3124 hicceffin

248 3149 296 3226 iis
334 3153 556 3252 speciebus,
595 3154 740 3254 quibus
772 3153 893 3235 flores
923 3179 1038 3235 more
1075 3155 1291 3240 solitoex.

248 3263 371 3340 axillis
406 3263 600 3343 soliorum
632 3267 845 3369 prodeunt
903 3266 982 3346 cfr.
1015 3269 1171 3370 Turpin
1194 3271 1275 3346 Ess.

223 3378 567 3476 ·d’une‚ieonog‚r.
591 3408 627 3483 p.
654 3387 756 3470 lll.¹
1220 3456 1223 3465 ,
1262 3477 1266 3488 ,

329 3493 627 3578 ‚Simili'rnodo
653 3517 717 3576 res
740 3521 825 3572 sese
849 3496 969 3576 habet
999 3498 1041 3574 in
1062 3498 1275 3600 Asparagis

246 3607 349 3700 retii
370 3607 481 3699 ‚loeo
515 3610 653 3708 afagina
686 3625 760 3699 est,
797 3611 839 3686 in
874 3609 986 3708 cujus
1012 3612 1122 3696 anilla
1147 3625 1275 3714 partes

245 3722 455 3802 fililormes
486 3723 853 3834 prodeuntsvulgo
879 3723 1112 3814 foliadiota.
1162 3725 1276 3824 Vagi-

246 3862 340 3919 nam
365 3840 481 3917 istam
505 3863 645 3922 verum
671 3863 755 3916 esse
778 3837 924 3916 folium
940 3841 1043 3918 bene
1059 3839 1158 3916 vidit
1175 3844 1275 3918 Tur-

245 3952 315 4054 pin
336 3955 420 4051 (N.
453 3953 592 4031 Bullet
626 3951 662 4030 d.
696 3954 719 4029 l.
754 3957 841 4036 Soc
873 3954 967 4058 phil.
991 3960 1045 4040 ,Τ.
1062 3961 1104 4036 3.
1129 3983 1167 4057 p.
1191 3957 1274 4034 3οἂ

245 4069 354 4152 Essai
388 4066 504 4144 d'une
536 4067 791 4172 iconograph.
816 4095 853 4171 p.
877 4069 960 4166 90.)
988 4084 1027 4152 at
1050 4068 1146 4154 folia
1172 4092 1274 4172 quae
