2852 4872
268 358 367 452 aaa,
434 467 442 474 .
549 349 1052 448 taracuuuara'

279 598 283 604 ’
333 572 541 696 positae,
581 572 636 664 in
657 665 658 669 a
683 599 804 689 quas
844 569 1067 660 fasciculi
1118 553 1299 682 lignosi

332 741 442 802 non
471 725 756 820 transeunt3
789 719 957 830 strigae
982 739 1103 801 vcro
1125 723 1297 830 partes

331 851 588 971 foliaceae‚
632 851 778 941 simili
819 852 975 943 modo
1010 835 1297 968 superficiei

331 994 619 1110 plantarum
669 992 1005 1095 innascentes,
1045 989 1322 1110 fasciculis
1410 991 1411 1064 l

275 1131 532 1248 ¹lignosis
565 1145 853 1224 carentes„
993 1118 998 1128 ’
1096 1125 1099 1131 ’
1290 1117 1319 1168 ⁵
1410 1105 1411 1146 ¹

367 1306 566 1384 Linnaeus
591 1304 774 1382 aculeum
801 1333 821 1382 a
847 1307 957 1408 spina
983 1305 1136 1408 primus
1158 1301 1298 1380 distin·

151 1453 154 1460 ·
269 1420 340 1507 xit;
370 1421 488 1496 illum
519 1409 726 1521 appellavit
755 1446 994 1497 mucronem
1026 1421 1182 1522 plantae
1209 1443 1297 1493 cor-

269 1536 337 1611 tici
367 1548 522 1610 tantum
554 1533 848 1623 adhaerentem,
874 1536 983 1612 hanc
1008 1557 1247 1615 mucronem
1274 1555 1297 1608 e

269 1641 378 1748 ligno
423 1649 578 1751 plantae
629 1665 862 1752 protrusum
907 1649 1029 1748 (Phil.
1072 1648 1155 1725 bot.
1200 1643 1295 1742 84),

271 1753 317 1841 at'
349 1763 492 1866 multas
529 1764 661 1866 spinas
698 1763 745 1840 ad
787 1764 944 1840 aculeos
968 1760 1110 1840 'retulit
1162 1766 1296 1857 Quem

271 1903 413 1956 omnes
436 1876 518 1954 sere
544 1878 666 1952 secuti
691 1892 784 1954 sunt
807 1878 993 1955 Botanici.

367 1990 502 2071 Aculei
520 1993 600 2066 veri
617 1992 657 2065 in
676 1996 791 2081 Rosa,
808 1993 939 2080 nubo,
961 1988 1205 2070 Grossularia
1224 2001 1295 2064 etc.

270 2101 530 2210 reperiuntur.
581 2109 682 2182 Sunt
705 2107 789 2182 basi
828 2106 992 2194 dilatati,
1026 2130 1141 2207 saepe
1172 2100 1293 2186 curvi,

241 2226 380 2300 'extus
412 2245 433 2296 e
465 2218 616 2295 cellulis
648 2219 962 2319 parenchymatis
991 2217 1201 2304 induratis
1232 2215 1295 2291 in-

228 2379 232 2384 ·
269 2352 334 2434 tus
359 2361 380 2412 e
398 2332 548 2410 cellulis
564 2333 903 2434 proseuchymatis
922 2333 1144 2436 compositi.
1186 2333 1294 2407 Cum

269 2451 380 2548 ligno
418 2472 502 2525 non
540 2446 761 2526 cohaerent.
825 2448 968 2548 Spinae
998 2447 1190 2524 soliorum
1215 2445 1293 2521 uti-

270 2589 350 2668 que
380 2587 474 2638 curn
505 2558 697 2636 fasciculis
722 2561 885 2668 lignosis
910 2587 1126 2638 nervorum
1152 2561 1294 2642 cohae-

268 2690 372 2772 rent,
396 2673 496 2750 vasis
521 2674 730 2776 spiralibus
755 2700 848 2752 vero
877 2676 1116 2752 oblitteratis.

175 2786 184 2792 ’
368 2789 516 2887 strigae
561 2791 603 2864 in
653 2775 760 2866 soliis
807 2788 976 2867 Filicum
1029 2789 1292 2890 reperiuntur.

270 2907 462 2998 Constant
487 2929 508 2980 e
534 2903 682 2980 cellulis
706 2903 1022 3006 parenchymatis
1047 2899 1208 3001 magnis,
1233 2899 1292 2976 in-

268 3018 439 3096 terstitiis
472 3010 668 3104 maximis,
701 3043 816 3120 saepe
849 3018 983 3094 colore
1015 3017 1128 3094 fusco
1159 3015 1292 3092 imbu-

268 3133 335 3222 tis,
360 3157 454 3209 cum
480 3129 641 3208 cellulae
666 3131 773 3233 ipsae
800 3130 1004 3210 decolores
1029 3133 1114 3206 sint.
1169 3126 1292 3204 Foliis

267 3251 517 3350 Muscorum,
556 3267 657 3342 quae
696 3269 780 3320 non
817 3245 951 3320 minus
989 3269 1148 3322 exsucca
1189 3255 1293 3328 sunt,

268 3373 460 3436 structura
486 3355 720 3433 simillimae.

365 3473 518 3550 Omnes
553 3469 628 3548 hae
667 3481 800 3574 'partes
840 3459 1082 3549 considerari
1121 3478 1292 3569 possunt

266 3586 326 3672 uti
350 3585 421 3690 pili
446 3585 567 3662 nimis
593 3585 707 3662 aucti.
1267 3575 1270 3582 ’

269 3810 369 3906 tto.
432 3805 778 3924 Conteguntur
808 3819 976 3928 partes
1001 3798 1288 3925 plantarum

327 3979 436 4041 non
467 3979 584 4040 raro
614 3957 803 4068 pruziam.
829 3962 938 4039 tum
971 3974 1173 4084 quoque
1201 3947 1287 4034 bol·

272 4085 450 4182 ·'somo
486 4101 536 4181 et
566 4096 691 4182 oz'sca

1165 4215 1289 4295 Color
