2836 4878
507 349 815 453 r'uucrus
1092 380 1167 456 su

145 571 257 662 dere,
281 571 473 671 ,eagstn
488 595 492 604 ·
506 573 662 676 capsula
683 571 970 663 Cardamomi,
1009 575 1052 651 in
1085 577 1169 655 aliis

143 713 237 764 vero
262 687 497 764 reticulatim
521 688 754 791 procedere,
779 689 852 766 reti
877 689 965 764 laxo
991 689 1169 790 simplici,

143 803 261 878 utin
293 802 501 903 permultis
512 828 528 890 ,·
564 817 632 879 aut
662 801 871 904 multiplici
904 801 1027 878 unde·
1046 802 1169 880 fibrae

143 917 186 991 in
234 915 390 1017 peridio
441 916 591 1017 drupae
642 917 801 993 Cocotis
843 915 1058 1005 nuciferae,
1104 933 1170 994 aut

145 1028 270 1106 denso
310 1045 348 1106 et
378 1030 431 1104 ita
464 1028 632 1130 quidem
658 1045 709 1106 ut
739 1030 940 1131 peridium
976 1045 1170 1110 structura

141 1142 252 1242 ligno
279 1143 405 1220 caulis'
425 1142 674 1220 simillimum
696 1143 853 1232 evadat,
885 1144 983 1220 areis
1013 1158 1170 1222 tautum

142 1258 504 1358 parenchymatosis
540 1258 641 1333 intra
679 1272 761 1334 rete
798 1257 1015 1354 lignosum,
1057 1257 1170 1360 quod

104 1461 107 1466 Ι
141 1371 184 1446 in
208 1371 362 1467 magnis
393 1371 619 1473 pericarpiis
651 1371 939 1448 Malvacearum
972 1386 1010 1448 et
1040 1373 1169 1451 Ascle·

139 1483 374 1585 piadearum
415 1485 627 1561 observavi.
703 1484 811 1578 Quin
852 1483 1051 1562 medullae
1089 1488 1169 1564 vidi

139 1612 287 1674 tractus
312 1599 531 1701 parallelos
567 1623 640 1698 per
676 1598 863 1673 corticem
898 1597 1041 1700 peridii
1081 1625 1169 1700 pers

141 1727 344 1789 currentes
400 1714 457 1788 in
499 1711 721 1813 pericarpio
775 1712 993 1810 Bignoniae
1047 1714 1168 1792 brasi-

140 1823 287 1902 liensis.
1070 1876 1073 1884 ι

240 1939 463 2016 Richardus
498 1939 741 2042 epicarpium
778 1955 892 2019 vocat
927 1944 1019 2041 (An.
1054 1941 1090 2018 d.
1121 1941 1167 2018 fr.

142 2080 179 2154 p.
206 2053 296 2150 lt).
324 2051 454 2130 &Vera
487 2069 594 2143 sunt,
628 2079 729 2156 quae
755 2056 934 2154 quamvis
958 2055 1093 2132 leviter
1119 2056 1169 2134 de

142 2165 296 2263 lignosa
310 2169 526 2269 vpericarpii
545 2193 735 2271 compage
751 2168 862 2244 idem
879 2167 974 2244 dicit
990 2170 1043 2270 (p.
1061 2170 1146 2266 la).

138 2340 141 2348 .
242 2279 423 2377 Calycem
448 2283 490 2356 in
515 2283 741 2384 pericarpiis
765 2282 901 2358 inferis
926 2307 1082 2384 semper
1102 2282 1169 2360 ad-

143 2407 282 2468 natum
315 2417 398 2470 esse
431 2408 488 2470 est
518 2396 730 2472 theoretica
761 2395 1006 2497 propositio;
1046 2395 1169 2473 Pruni

141 2505 295 2584 fructus
327 2532 418 2584 vere
450 2532 616 2609 superus
648 2534 733 2586 non
757 2509 944 2610 pauciora
967 2509 1088 2616 habet¹
1110 2510 1170 2586 in·

141 2634 368 2718 tegumenta
395 2647 438 2698 ac
462 2623 551 2720 Pyri
577 2621 728 2698 fructus
752 2621 914 2698 inferus.

240 2732 386 2834 Diplot
415 2737 457 2810 in
490 2737 689 2838 plerisque
720 2735 883 2838 peridiis
916 2737 1169 2839 conspicitur,

143 2846 187 2922 in
211 2847 452 2924 tenuissimis
472 2864 647 2925 tantum·
681 2850 909 2930 oblitterata.
966 2853 1000 2928 Α
1025 2853 1170 2930 cortice

144 2959 333 3038 exteriore
350 2959 752 3061 'faciledistinguitur
776 2963 1008 3040 cellularum
1027 2964 1170 3052 ionna,

143 3099 246 3176 quae
265 3073 514 3178 vplerumque
546 3074 717 3175 majores
749 3092 842 3153 sunt
873 3101 917 3152 ac
948 3077 991 3151 in
1025 3078 1170 3154 cortice

142 3188 351 3277 exteriore,
391 3190 595 3268 interdum
631 3192 824 3278 minores,
860 3183 984 3265 utin
1022 3189 1170 3292 drupis.

141 3300 311 3399 Maiores
335 3301 536 3381 iolliculos
562 3329 727 3407 quoque
753 3305 979 3381 aclacunas
997 3301 1171 3404 plerum-

142 3441 221 3518 que
245 3417 392 3494 habere
418 3418 519 3494 solet
543 3443 586 3495 ac
605 3435 736 3495 cortex
753 3419 929 3506 exterior.
978 3418 1169 3495 Fascictdi

141 3529 283 3626 lignosi
315 3531 552 3608 reticulatim
582 3557 657 3638 per
682 3532 848 3633 diploe'n
873 3527 1106 3618 decurmnt,
1132 3545 1172 3607 et

141 3668 231 3718 vasa
280 3644 434 3752 spipalia
484 3645 565 3720 vidi
614 3645 656 3720 in
698 3643 918 3721 durissimo·
964 3645 1171 3748 putamine

142 3752 348 3854 Amygdali
382 3760 639 3834 communis.¹
672 3758 847 3837 Richard
877 3760 1171 3862 mesocarpium

142 3883 279 3970 postea
304 3873 468 3961 vocavit,
493 3873 601 3948 malo
627 3875 808 3961 nomine,
826 3875 929 3948 vnani
955 3871 1170 3948 credideris

143 4008 228 4059 esse
259 3980 443 4062 medium
483 3987 607 4088 ipsius
643 3985 805 4063 fructus.
868 3986 1171 4092 Sarcocarpium

143 4095 323 4195 ejusdem
349 4098 672 4178 auctoris-modo
699 4115 831 4190 cortex
848 4098 1026 4188 exterior,
1041 4099 1169 4177 modo

823 4215 871 4294 21
