<?xml version="1.0" encoding="UTF-8"?>
<!DOCTYPE html PUBLIC "-//W3C//DTD XHTML 1.0 Transitional//EN"
    "http://www.w3.org/TR/xhtml1/DTD/xhtml1-transitional.dtd">
<html xmlns="http://www.w3.org/1999/xhtml" xml:lang="en" lang="en">
 <head>
  <title>
</title>
<meta http-equiv="Content-Type" content="text/html;charset=utf-8" />
  <meta name='ocr-system' content='tesseract 3.04.00' />
  <meta name='ocr-capabilities' content='ocr_page ocr_carea ocr_par ocr_line ocrx_word'/>
</head>
<body>
  <div class='ocr_page' id='page_1' title='image "./elementaphiloso00linkgoog_0455.png"; bbox 0 0 2838 4874; ppageno 0'>
   <div class='ocr_carea' id='block_1_1' title="bbox 301 375 958 460">
    <p class='ocr_par' dir='ltr' id='par_1_1' title="bbox 301 375 958 460">
     <span class='ocr_line' id='line_1_1' title="bbox 301 375 958 460; baseline 0.003 -8"><span class='ocrx_word' id='word_1_1' title='bbox 301 376 377 452; x_wconf 73' lang='lat' dir='ltr'><strong>ddd</strong></span> <span class='ocrx_word' id='word_1_2' title='bbox 672 375 958 460; x_wconf 78' lang='lat' dir='ltr'><strong>srerMA.</strong></span> 
     </span>
    </p>
   </div>
   <div class='ocr_carea' id='block_1_2' title="bbox 300 572 1320 996">
    <p class='ocr_par' dir='ltr' id='par_1_2' title="bbox 300 572 1320 996">
     <span class='ocr_line' id='line_1_2' title="bbox 300 572 1318 674; baseline 0.005 -18"><span class='ocrx_word' id='word_1_3' title='bbox 300 572 505 674; x_wconf 82' lang='lat' dir='ltr'><strong>Myosotin</strong></span> <span class='ocrx_word' id='word_1_4' title='bbox 534 572 804 674; x_wconf 86' lang='lat' dir='ltr'><strong>scorpioidem</strong></span> <span class='ocrx_word' id='word_1_5' title='bbox 835 574 992 653; x_wconf 65' lang='lat' dir='ltr'><strong>vocavit*</strong></span> <span class='ocrx_word' id='word_1_6' title='bbox 1018 589 1062 654; x_wconf 79' lang='lat' dir='ltr'><strong>et</strong></span> <span class='ocrx_word' id='word_1_7' title='bbox 1093 579 1212 656; x_wconf 79' lang='lat' dir='ltr'><strong>sicin</strong></span> <span class='ocrx_word' id='word_1_8' title='bbox 1236 584 1318 661; x_wconf 81' lang='lat' dir='ltr'><strong>reli·</strong></span> 
     </span>
     <span class='ocr_line' id='line_1_3' title="bbox 303 687 1319 793; baseline 0.012 -28"><span class='ocrx_word' id='word_1_9' title='bbox 303 690 403 793; x_wconf 89' lang='lat' dir='ltr'><strong>quis.</strong></span> <span class='ocrx_word' id='word_1_10' title='bbox 452 687 495 764; x_wconf 87' lang='lat' dir='ltr'><strong>Si</strong></span> <span class='ocrx_word' id='word_1_11' title='bbox 522 689 687 790; x_wconf 85' lang='lat' dir='ltr'><strong>quoque</strong></span> <span class='ocrx_word' id='word_1_12' title='bbox 705 688 923 776; x_wconf 84' lang='lat' dir='ltr'><strong>evincitur,</strong></span> <span class='ocrx_word' id='word_1_13' title='bbox 948 691 1098 792; x_wconf 87' lang='lat' dir='ltr'><strong>species</strong></span> <span class='ocrx_word' id='word_1_14' title='bbox 1132 691 1319 778; x_wconf 82' lang='lat' dir='ltr'><strong>distinctas</strong></span> 
     </span>
     <span class='ocr_line' id='line_1_4' title="bbox 302 799 1320 909; baseline 0.009 -29"><span class='ocrx_word' id='word_1_15' title='bbox 302 804 504 884; x_wconf 68' lang='lat' dir='ltr'><strong>varietates</strong></span> <span class='ocrx_word' id='word_1_16' title='bbox 541 825 641 886; x_wconf 88' lang='lat' dir='ltr'><strong>esse,</strong></span> <span class='ocrx_word' id='word_1_17' title='bbox 678 799 792 903; x_wconf 86' lang='lat' dir='ltr'><strong>quod</strong></span> <span class='ocrx_word' id='word_1_18' title='bbox 828 800 940 880; x_wconf 78' lang='lat' dir='ltr'><strong>facile</strong></span> <span class='ocrx_word' id='word_1_19' title='bbox 977 803 1156 884; x_wconf 79' lang='lat' dir='ltr'><strong>accidere</strong></span> <span class='ocrx_word' id='word_1_20' title='bbox 1188 823 1320 909; x_wconf 80' lang='lat' dir='ltr'><strong>potest,</strong></span> 
     </span>
     <span class='ocr_line' id='line_1_5' title="bbox 301 914 751 996; baseline -0.013 0"><span class='ocrx_word' id='word_1_21' title='bbox 301 916 417 996; x_wconf 88' lang='lat' dir='ltr'><strong>facile</strong></span> <span class='ocrx_word' id='word_1_22' title='bbox 439 939 502 993; x_wconf 89' lang='lat' dir='ltr'><strong>res</strong></span> <span class='ocrx_word' id='word_1_23' title='bbox 525 914 751 992; x_wconf 76' lang='lat' dir='ltr'><strong>restituitur.</strong></span> 
     </span>
    </p>
   </div>
   <div class='ocr_carea' id='block_1_3' title="bbox 302 1115 1318 1628">
    <p class='ocr_par' dir='ltr' id='par_1_3' title="bbox 302 1115 1318 1246">
     <span class='ocr_line' id='line_1_6' title="bbox 302 1115 1318 1246; baseline 0.003 -35"><span class='ocrx_word' id='word_1_24' title='bbox 302 1117 406 1216; x_wconf 72' lang='lat'><strong>225.</strong></span> <span class='ocrx_word' id='word_1_25' title='bbox 466 1117 841 1246; x_wconf 75' lang='lat' dir='ltr'><strong>Adumbrotiones</strong></span> <span class='ocrx_word' id='word_1_26' title='bbox 870 1115 1000 1214; x_wconf 83' lang='lat' dir='ltr'><strong>fiunt</strong></span> <span class='ocrx_word' id='word_1_27' title='bbox 1027 1147 1318 1238; x_wconf 86' lang='lat' dir='ltr'><strong>synonymo-</strong></span> 
     </span>
    </p>

    <p class='ocr_par' dir='ltr' id='par_1_4' title="bbox 322 1253 1317 1628">
     <span class='ocr_line' id='line_1_7' title="bbox 322 1253 1317 1376; baseline 0.002 -30"><span class='ocrx_word' id='word_1_28' title='bbox 322 1311 327 1326; x_wconf 83' lang='lat'><strong>·</strong></span> <span class='ocrx_word' id='word_1_29' title='bbox 361 1284 490 1356; x_wconf 79' lang='lat' dir='ltr'><strong>rum,</strong></span> <span class='ocrx_word' id='word_1_30' title='bbox 512 1253 820 1373; x_wconf 82' lang='lat' dir='ltr'><strong>qualitatum,</strong></span> <span class='ocrx_word' id='word_1_31' title='bbox 835 1259 1083 1376; x_wconf 85' lang='lat' dir='ltr'><strong>temporis</strong></span> <span class='ocrx_word' id='word_1_32' title='bbox 1098 1256 1317 1366; x_wconf 83' lang='lat' dir='ltr'><strong>florendi,</strong></span> 
     </span>
     <span class='ocr_line' id='line_1_8' title="bbox 364 1394 1317 1518; baseline 0.004 -31"><span class='ocrx_word' id='word_1_33' title='bbox 364 1394 651 1495; x_wconf 85' lang='lat' dir='ltr'><strong>durationis,</strong></span> <span class='ocrx_word' id='word_1_34' title='bbox 672 1394 984 1502; x_wconf 85' lang='lat' dir='ltr'><strong>incrementi,</strong></span> <span class='ocrx_word' id='word_1_35' title='bbox 1005 1397 1111 1501; x_wconf 87' lang='lat' dir='ltr'><strong>soli,</strong></span> <span class='ocrx_word' id='word_1_36' title='bbox 1137 1399 1317 1518; x_wconf 84' lang='lat' dir='ltr'><strong>patriae</strong></span> 
     </span>
     <span class='ocr_line' id='line_1_9' title="bbox 365 1531 990 1628; baseline -0.002 0"><span class='ocrx_word' id='word_1_37' title='bbox 365 1551 415 1628; x_wconf 89' lang='lat' dir='ltr'><strong>et</strong></span> <span class='ocrx_word' id='word_1_38' title='bbox 444 1561 561 1623; x_wconf 90' lang='lat' dir='ltr'><strong>usus</strong></span> <span class='ocrx_word' id='word_1_39' title='bbox 594 1531 910 1627; x_wconf 87' lang='lat' dir='ltr'><strong>indicatione.</strong></span> <span class='ocrx_word' id='word_1_40' title='bbox 987 1543 990 1550; x_wconf 82' lang='grc'><strong>’</strong></span> 
     </span>
    </p>
   </div>
   <div class='ocr_carea' id='block_1_4' title="bbox 300 1705 1315 2262">
    <p class='ocr_par' dir='ltr' id='par_1_5' title="bbox 300 1705 1315 2262">
     <span class='ocr_line' id='line_1_10' title="bbox 400 1705 1314 1807; baseline 0.004 -25"><span class='ocrx_word' id='word_1_41' title='bbox 400 1709 725 1803; x_wconf 83' lang='lat' dir='ltr'><strong>synonymorum</strong></span> <span class='ocrx_word' id='word_1_42' title='bbox 765 1705 887 1780; x_wconf 84' lang='lat' dir='ltr'><strong>nimia</strong></span> <span class='ocrx_word' id='word_1_43' title='bbox 921 1705 1069 1807; x_wconf 70' lang='lat' dir='ltr'><strong>copiat¹</strong></span> <span class='ocrx_word' id='word_1_44' title='bbox 1095 1728 1140 1786; x_wconf 80' lang='lat' dir='ltr'><strong>ea</strong></span> <span class='ocrx_word' id='word_1_45' title='bbox 1172 1718 1314 1792; x_wconf 85' lang='lat' dir='ltr'><strong>tantum</strong></span> 
     </span>
     <span class='ocr_line' id='line_1_11' title="bbox 302 1816 1315 1922; baseline -0.004 -23"><span class='ocrx_word' id='word_1_46' title='bbox 302 1820 507 1908; x_wconf 83' lang='lat' dir='ltr'><strong>adderem,</strong></span> <span class='ocrx_word' id='word_1_47' title='bbox 533 1842 635 1920; x_wconf 87' lang='lat' dir='ltr'><strong>quae</strong></span> <span class='ocrx_word' id='word_1_48' title='bbox 661 1816 966 1922; x_wconf 86' lang='lat' dir='ltr'><strong>descriptionem</strong></span> <span class='ocrx_word' id='word_1_49' title='bbox 984 1834 1022 1899; x_wconf 87' lang='lat' dir='ltr'><strong>et</strong></span> <span class='ocrx_word' id='word_1_50' title='bbox 1037 1821 1200 1910; x_wconf 85' lang='lat' dir='ltr'><strong>iconem</strong></span> <span class='ocrx_word' id='word_1_51' title='bbox 1215 1820 1315 1922; x_wconf 87' lang='lat' dir='ltr'><strong>plan-</strong></span> 
     </span>
     <span class='ocr_line' id='line_1_12' title="bbox 300 1932 1314 2032; baseline -0.007 -16"><span class='ocrx_word' id='word_1_52' title='bbox 300 1951 363 2016; x_wconf 88' lang='lat' dir='ltr'><strong>tae</strong></span> <span class='ocrx_word' id='word_1_53' title='bbox 390 1947 456 2013; x_wconf 90' lang='lat' dir='ltr'><strong>aut</strong></span> <span class='ocrx_word' id='word_1_54' title='bbox 480 1932 794 2010; x_wconf 87' lang='lat' dir='ltr'><strong>observationem</strong></span> <span class='ocrx_word' id='word_1_55' title='bbox 819 1948 1046 2010; x_wconf 86' lang='lat' dir='ltr'><strong>memoratu</strong></span> <span class='ocrx_word' id='word_1_56' title='bbox 1072 1934 1231 2032; x_wconf 86' lang='lat' dir='ltr'><strong>dignam</strong></span> <span class='ocrx_word' id='word_1_57' title='bbox 1258 1932 1314 2030; x_wconf 86' lang='lat' dir='ltr'><strong>os·</strong></span> 
     </span>
     <span class='ocr_line' id='line_1_13' title="bbox 301 2043 1314 2148; baseline -0.006 -20"><span class='ocrx_word' id='word_1_58' title='bbox 301 2043 437 2128; x_wconf 83' lang='lat' dir='ltr'><strong>serant</strong></span> <span class='ocrx_word' id='word_1_59' title='bbox 476 2047 647 2148; x_wconf 85' lang='lat' dir='ltr'><strong>Antiqua</strong></span> <span class='ocrx_word' id='word_1_60' title='bbox 673 2062 803 2123; x_wconf 85' lang='lat' dir='ltr'><strong>tamen</strong></span> <span class='ocrx_word' id='word_1_61' title='bbox 830 2063 867 2124; x_wconf 90' lang='lat' dir='ltr'><strong>et</strong></span> <span class='ocrx_word' id='word_1_62' title='bbox 890 2047 1115 2124; x_wconf 88' lang='lat' dir='ltr'><strong>Linnaeana</strong></span> <span class='ocrx_word' id='word_1_63' title='bbox 1141 2070 1221 2122; x_wconf 90' lang='lat' dir='ltr'><strong>non</strong></span> <span class='ocrx_word' id='word_1_64' title='bbox 1254 2045 1314 2145; x_wconf 87' lang='lat' dir='ltr'><strong>eji-</strong></span> 
     </span>
     <span class='ocr_line' id='line_1_14' title="bbox 302 2161 1314 2262; baseline -0.005 -21"><span class='ocrx_word' id='word_1_65' title='bbox 302 2162 451 2241; x_wconf 87' lang='lat' dir='ltr'><strong>cienda.</strong></span> <span class='ocrx_word' id='word_1_66' title='bbox 500 2163 684 2238; x_wconf 88' lang='lat' dir='ltr'><strong>Ceterum</strong></span> <span class='ocrx_word' id='word_1_67' title='bbox 710 2185 823 2262; x_wconf 88' lang='lat' dir='ltr'><strong>saepe</strong></span> <span class='ocrx_word' id='word_1_68' title='bbox 848 2161 1044 2238; x_wconf 82' lang='lat' dir='ltr'><strong>incertum</strong></span> <span class='ocrx_word' id='word_1_69' title='bbox 1071 2175 1156 2249; x_wconf 89' lang='lat' dir='ltr'><strong>est,·</strong></span> <span class='ocrx_word' id='word_1_70' title='bbox 1182 2184 1231 2237; x_wconf 91' lang='lat' dir='ltr'><strong>an</strong></span> <span class='ocrx_word' id='word_1_71' title='bbox 1254 2185 1314 2237; x_wconf 88' lang='lat' dir='ltr'><strong>au-</strong></span> 
     </span>
    </p>
   </div>
   <div class='ocr_carea' id='block_1_5' title="bbox 302 2274 1377 2472">
    <p class='ocr_par' dir='ltr' id='par_1_6' title="bbox 302 2274 1377 2472">
     <span class='ocr_line' id='line_1_15' title="bbox 302 2274 1196 2378; baseline -0.015 -21"><span class='ocrx_word' id='word_1_72' title='bbox 302 2286 389 2356; x_wconf 80' lang='lat' dir='ltr'><strong>ctor</strong></span> <span class='ocrx_word' id='word_1_73' title='bbox 409 2274 817 2378; x_wconf 84' lang='lat' dir='ltr'><strong>plantamindicatam</strong></span> <span class='ocrx_word' id='word_1_74' title='bbox 843 2301 975 2355; x_wconf 86' lang='lat' dir='ltr'><strong>veram</strong></span> <span class='ocrx_word' id='word_1_75' title='bbox 1000 2275 1196 2353; x_wconf 72' lang='lat' dir='ltr'><strong>habuerit</strong></span> 
     </span>
     <span class='ocr_line' id='line_1_16' title="bbox 400 2371 1377 2472; baseline -0.007 -19"><span class='ocrx_word' id='word_1_76' title='bbox 400 2374 612 2470; x_wconf 87' lang='lat' dir='ltr'><strong>Qualitates</strong></span> <span class='ocrx_word' id='word_1_77' title='bbox 636 2373 832 2450; x_wconf 89' lang='lat' dir='ltr'><strong>chemicae</strong></span> <span class='ocrx_word' id='word_1_78' title='bbox 856 2374 1046 2472; x_wconf 83' lang='lat' dir='ltr'><strong>insignes,</strong></span> <span class='ocrx_word' id='word_1_79' title='bbox 1072 2371 1173 2450; x_wconf 86' lang='lat' dir='ltr'><strong>vires</strong></span> <span class='ocrx_word' id='word_1_80' title='bbox 1197 2371 1312 2450; x_wconf 78' lang='lat' dir='ltr'><strong>medi·</strong></span> <span class='ocrx_word' id='word_1_81' title='bbox 1376 2399 1377 2404; x_wconf 45' lang='lat'>¹</span> 
     </span>
    </p>
   </div>
   <div class='ocr_carea' id='block_1_6' title="bbox 295 2487 1374 3960">
    <p class='ocr_par' dir='ltr' id='par_1_7' title="bbox 297 2487 1375 3500">
     <span class='ocr_line' id='line_1_17' title="bbox 302 2487 1311 2589; baseline -0.002 -23"><span class='ocrx_word' id='word_1_82' title='bbox 302 2512 368 2566; x_wconf 89' lang='lat' dir='ltr'><strong>cae</strong></span> <span class='ocrx_word' id='word_1_83' title='bbox 393 2502 451 2565; x_wconf 85' lang='lat' dir='ltr'><strong>sat</strong></span> <span class='ocrx_word' id='word_1_84' title='bbox 473 2487 782 2589; x_wconf 85' lang='lat' dir='ltr'><strong>probatae‚.usus</strong></span> <span class='ocrx_word' id='word_1_85' title='bbox 799 2488 1086 2565; x_wconf 90' lang='lat' dir='ltr'><strong>oeconomicus</strong></span> <span class='ocrx_word' id='word_1_86' title='bbox 1106 2502 1145 2563; x_wconf 87' lang='lat' dir='ltr'><strong>et</strong></span> <span class='ocrx_word' id='word_1_87' title='bbox 1160 2488 1311 2564; x_wconf 87' lang='lat' dir='ltr'><strong>techno-</strong></span> 
     </span>
     <span class='ocr_line' id='line_1_18' title="bbox 299 2598 1312 2702; baseline -0.003 -23"><span class='ocrx_word' id='word_1_88' title='bbox 299 2602 452 2702; x_wconf 79' lang='lat' dir='ltr'><strong>logicus</strong></span> <span class='ocrx_word' id='word_1_89' title='bbox 476 2603 508 2678; x_wconf 91' lang='lat' dir='ltr'><strong>si</strong></span> <span class='ocrx_word' id='word_1_90' title='bbox 533 2598 764 2688; x_wconf 87' lang='lat' dir='ltr'><strong>indicantur,</strong></span> <span class='ocrx_word' id='word_1_91' title='bbox 789 2613 955 2699; x_wconf 88' lang='lat' dir='ltr'><strong>systema</strong></span> <span class='ocrx_word' id='word_1_92' title='bbox 980 2599 1175 2700; x_wconf 82' lang='lat' dir='ltr'><strong>majorem</strong></span> <span class='ocrx_word' id='word_1_93' title='bbox 1203 2601 1312 2678; x_wconf 75' lang='lat' dir='ltr'><strong>habe-</strong></span> 
     </span>
     <span class='ocr_line' id='line_1_19' title="bbox 297 2713 1311 2818; baseline -0.004 -24"><span class='ocrx_word' id='word_1_94' title='bbox 297 2715 359 2794; x_wconf 83' lang='lat' dir='ltr'><strong>bit</strong></span> <span class='ocrx_word' id='word_1_95' title='bbox 388 2715 605 2792; x_wconf 85' lang='lat' dir='ltr'><strong>utilitatem.</strong></span> <span class='ocrx_word' id='word_1_96' title='bbox 660 2713 807 2791; x_wconf 85' lang='lat' dir='ltr'><strong>Omisit</strong></span> <span class='ocrx_word' id='word_1_97' title='bbox 830 2714 1042 2803; x_wconf 86' lang='lat' dir='ltr'><strong>Linnaeus,</strong></span> <span class='ocrx_word' id='word_1_98' title='bbox 1068 2716 1203 2818; x_wconf 87' lang='lat' dir='ltr'><strong>etqui</strong></span> <span class='ocrx_word' id='word_1_99' title='bbox 1228 2737 1311 2792; x_wconf 89' lang='lat' dir='ltr'><strong>eum</strong></span> 
     </span>
     <span class='ocr_line' id='line_1_20' title="bbox 300 2827 1312 2928; baseline -0.007 -19"><span class='ocrx_word' id='word_1_100' title='bbox 300 2831 434 2920; x_wconf 85' lang='lat' dir='ltr'><strong>secuti,</strong></span> <span class='ocrx_word' id='word_1_101' title='bbox 455 2843 502 2907; x_wconf 94' lang='lat' dir='ltr'><strong>ut</strong></span> <span class='ocrx_word' id='word_1_102' title='bbox 518 2827 801 2906; x_wconf 86' lang='lat' dir='ltr'><strong>characteribus</strong></span> <span class='ocrx_word' id='word_1_103' title='bbox 817 2827 972 2928; x_wconf 82' lang='lat' dir='ltr'><strong>plautae</strong></span> <span class='ocrx_word' id='word_1_104' title='bbox 987 2829 1062 2907; x_wconf 90' lang='lat' dir='ltr'><strong>rite</strong></span> <span class='ocrx_word' id='word_1_105' title='bbox 1079 2851 1312 2928; x_wconf 81' lang='lat' dir='ltr'><strong>coguoscen-</strong></span> 
     </span>
     <span class='ocr_line' id='line_1_21' title="bbox 300 2940 1310 3044; baseline -0.009 -20"><span class='ocrx_word' id='word_1_106' title='bbox 300 2945 363 3024; x_wconf 91' lang='lat' dir='ltr'><strong>dis</strong></span> <span class='ocrx_word' id='word_1_107' title='bbox 386 2943 510 3042; x_wconf 76' lang='lat' dir='ltr'><strong>magis</strong></span> <span class='ocrx_word' id='word_1_108' title='bbox 534 2940 722 3037; x_wconf 83' lang='lat' dir='ltr'><strong>studeant</strong></span> <span class='ocrx_word' id='word_1_109' title='bbox 771 2945 887 3018; x_wconf 90' lang='lat' dir='ltr'><strong>Nunc</strong></span> <span class='ocrx_word' id='word_1_110' title='bbox 904 2967 997 3021; x_wconf 86' lang='lat' dir='ltr'><strong>vero</strong></span> <span class='ocrx_word' id='word_1_111' title='bbox 1016 2956 1195 3020; x_wconf 84' lang='lat' dir='ltr'><strong>externae</strong></span> <span class='ocrx_word' id='word_1_112' title='bbox 1211 2941 1310 3044; x_wconf 86' lang='lat' dir='ltr'><strong>plan·</strong></span> 
     </span>
     <span class='ocr_line' id='line_1_22' title="bbox 298 3053 1309 3160; baseline -0.006 -25"><span class='ocrx_word' id='word_1_113' title='bbox 298 3073 430 3140; x_wconf 85' lang='lat' dir='ltr'><strong>tarum</strong></span> <span class='ocrx_word' id='word_1_114' title='bbox 470 3055 578 3134; x_wconf 84' lang='lat' dir='ltr'><strong>faciei</strong></span> <span class='ocrx_word' id='word_1_115' title='bbox 620 3056 739 3131; x_wconf 92' lang='lat' dir='ltr'><strong>nimis</strong></span> <span class='ocrx_word' id='word_1_116' title='bbox 775 3053 951 3145; x_wconf 85' lang='lat' dir='ltr'><strong>student,</strong></span> <span class='ocrx_word' id='word_1_117' title='bbox 990 3057 1145 3160; x_wconf 90' lang='lat' dir='ltr'><strong>reliqua</strong></span> <span class='ocrx_word' id='word_1_118' title='bbox 1185 3055 1309 3139; x_wconf 83' lang='lat' dir='ltr'><strong>omnia</strong></span> 
     </span>
     <span class='ocr_line' id='line_1_23' title="bbox 299 3167 1309 3274; baseline -0.006 -26"><span class='ocrx_word' id='word_1_119' title='bbox 299 3171 518 3270; x_wconf 77' lang='lat' dir='ltr'><strong>negligunt,</strong></span> <span class='ocrx_word' id='word_1_120' title='bbox 552 3169 695 3271; x_wconf 90' lang='lat' dir='ltr'><strong>quibus</strong></span> <span class='ocrx_word' id='word_1_121' title='bbox 726 3183 860 3246; x_wconf 87' lang='lat' dir='ltr'><strong>tamen</strong></span> <span class='ocrx_word' id='word_1_122' title='bbox 892 3195 982 3250; x_wconf 88' lang='lat' dir='ltr'><strong>vera</strong></span> <span class='ocrx_word' id='word_1_123' title='bbox 1005 3170 1164 3274; x_wconf 84' lang='lat' dir='ltr'><strong>plantae</strong></span> <span class='ocrx_word' id='word_1_124' title='bbox 1187 3167 1309 3268; x_wconf 81' lang='lat' dir='ltr'><strong>cogni·</strong></span> 
     </span>
     <span class='ocr_line' id='line_1_24' title="bbox 297 3282 1374 3386; baseline -0.007 -24"><span class='ocrx_word' id='word_1_125' title='bbox 297 3285 356 3372; x_wconf 84' lang='lat' dir='ltr'><strong>tio</strong></span> <span class='ocrx_word' id='word_1_126' title='bbox 378 3282 561 3372; x_wconf 84' lang='lat' dir='ltr'><strong>efficitur.</strong></span> <span class='ocrx_word' id='word_1_127' title='bbox 898 3381 900 3386; x_wconf 23' lang='grc' dir='ltr'>Ι</span> <span class='ocrx_word' id='word_1_128' title='bbox 1373 3365 1374 3368; x_wconf 10' lang='lat'>¹</span> 
     </span>
     <span class='ocr_line' id='line_1_25' title="bbox 369 3397 1307 3500; baseline -0.004 -28"><span class='ocrx_word' id='word_1_129' title='bbox 369 3397 652 3486; x_wconf 60' lang='lat' dir='ltr'><strong>‚Duratiouem</strong></span> <span class='ocrx_word' id='word_1_130' title='bbox 690 3411 728 3479; x_wconf 88' lang='lat' dir='ltr'><strong>et</strong></span> <span class='ocrx_word' id='word_1_131' title='bbox 766 3398 935 3499; x_wconf 81' lang='lat' dir='ltr'><strong>patriam</strong></span> <span class='ocrx_word' id='word_1_132' title='bbox 970 3411 1062 3500; x_wconf 91' lang='lat' dir='ltr'><strong>post</strong></span> <span class='ocrx_word' id='word_1_133' title='bbox 1096 3397 1307 3476; x_wconf 87' lang='lat' dir='ltr'><strong>Linnaeum</strong></span> 
     </span>
    </p>

    <p class='ocr_par' dir='ltr' id='par_1_8' title="bbox 295 3510 1307 3842">
     <span class='ocr_line' id='line_1_26' title="bbox 296 3510 1307 3615; baseline -0.011 -25"><span class='ocrx_word' id='word_1_134' title='bbox 296 3510 537 3599; x_wconf 82' lang='lat' dir='ltr'><strong>indicamnt,</strong></span> <span class='ocrx_word' id='word_1_135' title='bbox 566 3525 775 3613; x_wconf 88' lang='lat' dir='ltr'><strong>utramque</strong></span> <span class='ocrx_word' id='word_1_136' title='bbox 807 3512 1037 3615; x_wconf 87' lang='lat' dir='ltr'><strong>praesertim</strong></span> <span class='ocrx_word' id='word_1_137' title='bbox 1068 3536 1162 3589; x_wconf 89' lang='lat' dir='ltr'><strong>vero</strong></span> <span class='ocrx_word' id='word_1_138' title='bbox 1187 3520 1307 3612; x_wconf 87' lang='lat' dir='ltr'><strong>poste-</strong></span> 
     </span>
     <span class='ocr_line' id='line_1_27' title="bbox 295 3621 1305 3724; baseline -0.015 -14"><span class='ocrx_word' id='word_1_139' title='bbox 295 3628 445 3710; x_wconf 82' lang='lat' dir='ltr'><strong>riorem</strong></span> <span class='ocrx_word' id='word_1_140' title='bbox 469 3625 586 3702; x_wconf 89' lang='lat' dir='ltr'><strong>nimis</strong></span> <span class='ocrx_word' id='word_1_141' title='bbox 609 3648 712 3724; x_wconf 78' lang='lat' dir='ltr'><strong>vage.</strong></span> <span class='ocrx_word' id='word_1_142' title='bbox 761 3626 890 3702; x_wconf 84' lang='lat' dir='ltr'><strong>Facile</strong></span> <span class='ocrx_word' id='word_1_143' title='bbox 913 3623 1102 3724; x_wconf 76' lang='lat' dir='ltr'><strong>adjicitur,</strong></span> <span class='ocrx_word' id='word_1_144' title='bbox 1128 3651 1177 3704; x_wconf 90' lang='lat' dir='ltr'><strong>an</strong></span> <span class='ocrx_word' id='word_1_145' title='bbox 1202 3621 1305 3698; x_wconf 89' lang='lat' dir='ltr'><strong>citius</strong></span> 
     </span>
     <span class='ocr_line' id='line_1_28' title="bbox 295 3729 1304 3842; baseline -0.011 -26"><span class='ocrx_word' id='word_1_146' title='bbox 295 3739 439 3825; x_wconf 81' lang='lat' dir='ltr'><strong>lentius</strong></span> <span class='ocrx_word' id='word_1_147' title='bbox 480 3752 630 3818; x_wconf 84' lang='lat' dir='ltr'><strong>crescat</strong></span> <span class='ocrx_word' id='word_1_148' title='bbox 703 3745 880 3842; x_wconf 88' lang='lat' dir='ltr'><strong>Tempus</strong></span> <span class='ocrx_word' id='word_1_149' title='bbox 926 3740 1099 3830; x_wconf 83' lang='lat' dir='ltr'><strong>florendi</strong></span> <span class='ocrx_word' id='word_1_150' title='bbox 1139 3729 1304 3818; x_wconf 88' lang='lat' dir='ltr'><strong>Botanici</strong></span> 
     </span>
    </p>

    <p class='ocr_par' dir='ltr' id='par_1_9' title="bbox 295 3847 1288 3960">
     <span class='ocr_line' id='line_1_29' title="bbox 295 3847 1288 3960; baseline -0.013 -28"><span class='ocrx_word' id='word_1_151' title='bbox 295 3854 445 3957; x_wconf 83' lang='lat' dir='ltr'><strong>antiqui</strong></span> <span class='ocrx_word' id='word_1_152' title='bbox 471 3879 692 3957; x_wconf 86' lang='lat' dir='ltr'><strong>numquam</strong></span> <span class='ocrx_word' id='word_1_153' title='bbox 716 3854 979 3954; x_wconf 79' lang='lat' dir='ltr'><strong>neglexerunt,</strong></span> <span class='ocrx_word' id='word_1_154' title='bbox 1004 3881 1107 3960; x_wconf 88' lang='lat' dir='ltr'><strong>quos</strong></span> <span class='ocrx_word' id='word_1_155' title='bbox 1123 3847 1288 3932; x_wconf 84' lang='lat' dir='ltr'><strong>imiteris.</strong></span> 
     </span>
    </p>
   </div>
   <div class='ocr_carea' id='block_1_7' title="bbox 0 0 1424 4874">
    <p class='ocr_par' dir='ltr' id='par_1_10' title="bbox 0 0 1424 4874">
     <span class='ocr_line' id='line_1_30' title="bbox 0 0 1424 4874; baseline 0 3"><span class='ocrx_word' id='word_1_156' title='bbox 0 0 1424 4874; x_wconf 95' lang='lat' dir='ltr'><strong> </strong></span> 
     </span>
    </p>
   </div>
  </div>
 </body>
</html>
