2852 4872
291 365 368 439 Μ
725 354 888 430 FLOS.

296 557 427 641 Rivini
451 561 569 659 supra
583 552 716 654 (163)
742 549 894 628 dictum
923 547 1114 626 libellum.
1165 546 1321 648 Saepis-

297 673 397 750 sime
421 671 560 770 stigma
584 679 766 744 centrum
790 662 925 740 circuli
950 661 1085 750 efficit,
1116 660 1322 738 interdum

298 803 392 865 aero
431 783 695 862 excentricum
732 791 804 864 est,
835 778 946 854 utin
970 777 1113 876 Pyrola
1136 775 1320 854 rotundi-

298 901 404 1042 folia.

325 1011 557 1091 Corolla
577 1010 759 1114 aequalis
792 1029 956 1109 quoque
989 1004 1040 1082 de
1064 955 1321 1108 monopetala

301 1143 340 1206 et
367 1125 599 1229 polypetala
622 1123 781 1212 dicitur,
814 1145 836 1198 e
860 1121 1070 1219 segmentis
1094 1133 1163 1198 aut
1186 1120 1322 1222 petalis

302 1239 531 1342 aequalibus
554 1235 733 1314 formata.

399 1351 561 1432 Corolla
601 1364 660 1426 est
699 1377 787 1426 unz·
761 1350 1041 1426 multr'serr'aca
1079 1295 1223 1451 petalis
1264 1373 1331 1426 se·-

302 1469 518 1570 gmentisve
541 1465 583 1542 in
607 1488 693 1548 uno
717 1463 946 1564 pluribusve
972 1463 1136 1540 orbibus
1160 1463 1309 1564 positis.

343 1603 346 1608 ·
385 1579 560 1674 ¹Corolla
592 1576 846 1678 monopecala
880 1575 1111 1652 dividitur
1100 1602 1143 1653 m
1178 1578 1325 1654 tubum

305 1709 346 1774 et
370 1695 543 1770 limbum
576 1691 626 1768 ad
657 1692 814 1768 faucem
844 1705 1045 1768 connatos.
1108 1693 1264 1794 Species
1296 1717 1326 1766 c.

304 1807 582 1910 monopetalae
627 1821 720 1882 sunt
768 1830 846 1882 cor.
881 1804 1055 1905 globosa,
1091 1809 1225 1892 oculis,
1263 1805 1328 1882 ob·

306 1929 433 2023 longo,
459 1923 673 2025 cybirdrica,
702 1921 961 2024 cymbfformr's
979 1920 1147 2017 (inverse
1172 1919 1327 2016 conica)

306 2037 433 2114 limbo
466 2062 487 2111 a
518 2035 617 2111 tubo
651 2057 735 2110 non
762 2032 1047 2121 discrecofnisi
1073 2034 1185 2135 quod
1209 2036 1329 2122 inter·

309 2153 409 2229 dum
456 2148 625 2225 reflexus
671 2149 741 2234 sic3
795 2147 1144 2251 insuadibilfformzi
1201 2148 1328 2224 limbo

309 2265 409 2344 tubo
427 2263 591 2363 oblique
605 2261 805 2361 imposito,
821 2261 1182 2366 hypocratcrisonnis
1202 2262 1329 2340 limbo

309 2377 409 2457 tubo
436 2375 617 2473 elongato
644 2377 718 2450 sub
744 2375 888 2473 angulo
914 2391 1021 2453 recto
1047 2377 1246 2478 imposito,
1272 2407 1331 2454 ro·
1385 2417 1387 2421 ·

311 2508 393 2568 tata
423 2489 550 2564 limbo
583 2490 682 2565 tubo
715 2488 823 2564 brevi
847 2489 923 2565 sub
949 2490 1094 2588 angulo
1120 2505 1226 2567 recto
1257 2492 1332 2566 im-

311 2603 460 2708 posito,
485 2626 563 2678 cor.
587 2607 859 2704 campanulum
881 2603 964 2680 basi
986 2601 1151 2702 glabosa'
1162 2629 1331 2706 superne

313 2718 516 2805 tubulosa,
553 2721 829 2820 campanellam
859 2717 943 2794 basi
973 2717 1159 2796 tubulosa
1195 2718 1332 2796 medio

316 2831 585 2934 campanulaca
618 2856 788 2932 superne
818 2833 964 2908 iterum
1000 2833 1195 2922 tubulosa,
1219 2834 1331 2909 utin

318 2945 576 3050 Compositis,
616 2949 804 3022 urceolam
841 2948 915 3022 sub
951 2947 1078 3031 limbo
1117 2949 1332 3035 constricta,

317 3066 478 3164 ligulam
500 3061 582 3136 basi
607 3059 809 3150 ιιιιιιιιοειι,
834 3060 960 3154 limbo
987 3059 1199 3162 explanato,
1223 3063 1334 3138 utin

320 3174 660 3251 Semiflosculosis.
720 3178 803 3250 Hae
839 3189 885 3252 ιιι
926 3176 1058 3277 plures
1099 3175 1195 3252 aliae
1228 3176 1336 3276 apice

319 3303 552 3364 ιειιιιιοειιε
577 3300 678 3362 suna
847 3351 851 3356 .

347 3400 577 3478 Corolla
600 3399 745 3480 Ιαόἰαια
767 3401 889 3480 habet
907 3416 1105 3530 segmeota
1121 3335 1235 3496 limbi
1254 3400 1337 3478 duo

322 3541 344 3612 a
368 3515 494 3622 tribus
518 3528 702 3614 reparata.
749 3500 917 3628 Labiuni
941 3515 1131 3647 superius,
1155 3519 1265 3616 galea
1281 3514 1339 3589 di·

324 3611 441 3718 ctum,
466 3604 695 3704 interdum
703 3653 820 3729 supra
846 3623 1067 3706 convexum
1080 3627 1185 3706 incra
1203 3629 1339 3706 conca-

323 3768 418 3820 vum
452 3755 524 3827 est;
554 3740 705 3817 labium
736 3738 900 3816 inferius
932 3767 1002 3818 seu
1031 3742 1176 3820 labium
1212 3743 1341 3820 stricte

325 3857 380 3934 sic
404 3854 556 3933 dictum
580 3880 695 3961 saepe
716 3855 835 3932 habet
858 3855 1039 3932 laciniam
1055 3856 1230 3934 mediam
1254 3859 1341 3934 lon-

325 3971 479 4068 giorum
511 3984 549 4048 et
572 3971 762 4071 perlitum.
795 3971 927 4050 Be'clus
942 3985 1012 4050 est
1036 3986 1217 4073 apertura
1241 3971 1345 4046 inter

326 4084 476 4180 galeam
500 4099 541 4166 el
563 4084 722 4175 labium,
748 4083 899 4166 alaucc
913 4085 1015 4166 ben‘e
1032 4082 1343 4186 distinguendus.
