2838 4874
311 852 619 930 EXPLICATIO
660 852 980 928 TABULARUM.

563 1205 656 1281 Tab·
684 1209 724 1279 lo'

133 1357 190 1424 Fig.
209 1358 233 1411 l.
270 1357 448 1478 Parenohprna
467 1375 481 1408 o
499 1355 573 1408 caule
592 1355 688 1408 Orchis
706 1355 841 1408 latifoliae.

407 1447 423 1498 l

132 1429 190 1494 Fig.
208 1429 234 1480 2.
271 1428 387 1480 Prosenc
424 1446 466 1478 nae
484 1447 499 1478 e
517 1427 615 1478 cortice
633 1425 760 1478 interiore
778 1425 841 1498 Pyri
858 1425 931 1477 Mali.

131 1499 189 1564 Fig.
207 1497 232 1549 3.
270 1498 414 1550 Contentus
438 1497 581 1549 cellulosus
601 1517 613 1547 e
632 1511 726 1548 trunco
744 1495 838 1547 Filicis
857 1497 988 1548 arboreae.
1009 1515 1029 1546 a.
1049 1495 1150 1548 Mettus

202 1567 403 1620 intercellularis
428 1567 480 1619 alio
499 1568 717 1638 proseuchymate
736 1567 859 1634 repletus.

131 1637 190 1704 Fig.
208 1638 233 1690 4.
270 1639 388 1722 cellulae
411 1637 535 1716 globosae
558 1657 635 1707 saepo
660 1636 733 1708 quasi
755 1655 868 1706 porosae
896 1656 909 1688 e
933 1635 1068 1702 tegmentis
1092 1635 1154 1688 Pini

131 1778 189 1844 Fig.
202 1708 388 1862 sblnilgellulae
410 1780 534 1844 globosae
558 1795 636 1846 saepe
660 1776 734 1847 quasi
759 1797 872 1847 perosae
894 1797 909 1829 e
936 1776 1007 1842 ligno
1026 1775 1152 1828 annotino

131 1849 263 1986 Figlbull
281 1849 464 2041 {iiiiiehpms
496 1918 625 1998 transiens
654 1917 684 1970 in
710 1919 903 1991 prosenchyma
931 1937 961 1971 ex
991 1916 1153 1988 epidermitle

203 1989 333 2042 soliorum
353 1989 406 2063 Oro
427 1989 449 2042 is
472 1989 614 2041 latifoliae.

131 2057 189 2126 Fig.
207 2059 232 2112 6.
267 2061 446 2132 Parenobyma
464 2079 478 2111 c
497 2059 598 2112 cellulis
617 2057 774 2128 prismatiois
794 2075 819 2111 et
836 2061 929 2112 duetus
947 2059 1152 2112 intercellulares

201 2129 231 2195 in
248 2145 381 2194 segmento
400 2130 565 2182 transversali
580 2130 664 2182 'caulis
684 2129 780 2182 Orobis
799 2129 932 2182 latifoliae.

132 2199 190 2268 Εἰς.
209 2200 234 2253 7.
269 2201 464 2272 Prosenohyma
477 2221 536 2252 cum
549 2199 651 2252 cellulis
664 2200 780 2265 globosis
794 2199 955 2265 etegmentis
967 2197 1028 2251 Pini
1040 2198 1139 2252 Strobi.
1232 2235 1235 2246 .

118 2269 232 2336 1*ng
267 2271 447 2342 Parenobyma
470 2271 498 2322 in
521 2271 713 2342 prosencltyma
736 2271 864 2324 transiens
884 2291 913 2322 ex
932 2271 1094 2340 epidermide
1111 2274 1152 2324 lo-

200 2341 298 2394 liorum
318 2341 413 2394 orchis
432 2341 565 2392 latifoliae.
838 2361 841 2366 ·

133 2411 192 2477 Fig.
212 2411 236 2464 9.
272 2412 467 2482 Prosenehyma
490 2410 618 2463 transiens
643 2411 672 2461 in
696 2431 755 2462 vasa
778 2413 877 2465 fibrosa
901 2429 960 2464 eum
978 2411 1080 2466 cellulis
1097 2413 1153 2478 glo·

187 2481 274 2535 xbosis
294 2502 309 2533 e
326 2481 399 2546 ligno
419 2480 548 2533 exteriore
565 2479 625 2532 Pini
645 2479 743 2533 Strobi.
1148 2477 1151 2484 ’

132 2551 189 2619 Fig.
209 2553 251 2604 1⁰.
288 2551 406 2604 Cellulae
434 2551 566 2622 elliptieae
594 2566 619 2604 ot
641 2551 707 2604 aliae
730 2553 839 2606 cellulae
862 2552 890 2605 in
913 2552 1030 2605 seriebus
1050 2575 1063 2604 e
1081 2555 1154 2607 caule

203 2621 299 2676 Orchia
317 2621 451 2674 latifoliae.

566 2787 659 2860 Tab.
684 2789 717 2860 2.
771 2773 776 2784 ’

132 2937 188 3004 Fig.
208 2936 250 2990 ll.
288 2937 407 3023 Cellulae
438 2959 514 3010 quam
545 2939 656 2992 maxime
686 2939 839 3005 irregulares
871 2959 885 2990 e
914 2939 1000 2992 baccis
1034 2937 1154 3008 luniperi

200 3029 356 3062 eommums.

133 3079 189 3144 Fig.
209 3080 251 3131 12.
289 3079 408 3132 Cellulae
424 3081 549 3144 globosae
567 3079 595 3132 in
614 3081 730 3148 seriebus
749 3079 915 3150 simplicibus
935 3099 950 3131 e
967 3079 1038 3146 ligno
1054 3079 1153 3132 horno-
1209 3088 1211 3106 ¹

199 3149 257 3202 tino
276 3149 336 3202 Pini
355 3150 454 3203 Strobi.

131 3219 188 3285 Fig.
208 3221 250 3272 13.
288 3221 407 3273 Cellulae
441 3222 565 3286 globosae
593 3221 701 3275 seriatae
725 3243 785 3274 cum
808 3221 875 3275 vasis
900 3219 1006 3274 fibrosis
1025 3239 1039 3270 e
1056 3217 1155 3270 cortice

199 3290 326 3343 interiore
345 3290 408 3363 Pyri
424 3291 499 3344 Mali.

131 3359 187 3424 Fig.
207 3360 248 3412 14.
284 3359 480 3433 Prosenchyma
498 3382 512 3414 e
530 3363 628 3414 cortice
646 3363 773 3414 interiore
791 3360 852 3414 Pini
870 3360 970 3413 Strobi.

68 3433 75 3440 '
131 3429 187 3496 Fig.
206 3429 247 3483 15.
283 3430 351 3483 Vasa
373 3433 471 3484 fibrosa
493 3452 585 3498 magna
609 3453 668 3484 cum
690 3433 728 3485 sic
747 3431 823 3484 dietis
841 3431 948 3502 perosis
967 3443 992 3482 et
1009 3428 1154 3501 parencby-

202 3515 269 3552 mate
288 3520 302 3552 e
319 3501 391 3566 ligno
412 3501 520 3555 Coffeae
538 3501 673 3574 eujusdam
691 3501 861 3554 brasiliensis.

132 3567 189 3634 Fig.
206 3570 248 3622 16.
284 3573 350 3624 Vasa
368 3571 476 3640 spiralie
494 3592 509 3624 e
529 3574 603 3624 caule
622 3573 696 3624 Cacti
714 3571 867 3641 serpentini.

133 3639 190 3705 Fig.
212 3639 249 3692 17.
285 3641 352 3694 Vasa
382 3641 489 3711 spiralia
516 3663 562 3694 seu
589 3643 779 3695 sealarisormia
807 3655 832 3695 et
861 3661 959 3712 porosa
984 3641 1022 3692 sic
1048 3639 1116 3691 diota
1141 3658 1155 3690 e

203 3711 276 3762 caulo
295 3711 368 3764 Carti
387 3712 540 3781 serpentini.

133 3779 190 3846 Fig.
209 3779 250 3832 18.
286 3781 352 3833 Vasa
371 3781 477 3852 spiralia
494 3797 592 3836 mutata
609 3783 638 3836 in
657 3782 846 3840 scalarisorrnia
866 3802 880 3832 e
898 3779 985 3832 radice
1009 3777 1154 3834 Strelitziae
1216 3825 1219 3832 ,

202 3850 324 3915 Reginae.
353 3853 379 3902 b.
410 3853 530 3906 Tubulus
558 3852 663 3922 spiralis
688 3853 837 3922 bipartitus.
866 3871 887 3902 c.
916 3850 1016 3902 Tubuli
1044 3849 1154 3920 spirales

202 3920 315 3973 connati.
362 3923 404 3973 dd.
428 3923 528 3975 Tubuli
551 3923 660 3992 spirales
685 3923 793 3988 integri,
821 3923 867 3972 sed
890 3935 987 3990 puncta
1011 3919 1155 3972 indicantia

202 3989 378 4043 continuanda
401 4007 462 4044 sunt
485 4014 533 4062 per
555 3993 725 4048 interstitium
743 3991 854 4046 inferius
879 3993 912 4044 ad
929 3991 1153 4060 tubulumusque.

200 4080 237 4127 gg.
256 4061 398 4114 Interstitia
414 4065 575 4117 tubulorum.

724 4147 730 4178 '
807 4149 853 4220 31
