2848 4888
269 360 319 438 28
454 403 460 410 ’
653 367 902 442 PLANTA.

269 563 630 641 combinationibus
654 564 910 666 quantitatem
927 565 1113 664 oxygenel
1130 565 1287 648 alterius

267 676 386 774 oxydi
411 703 493 756 esse
512 678 734 780 multiplam
756 678 978 756 secundum
994 703 1209 758 numerum
1225 683 1285 757 in-

265 803 421 888 tegrum
447 792 633 892 oxygenei
663 793 707 866 in
738 791 860 878 altero
892 790 1023 891 oxydo
1052 808 1196 872 notum
1220 809 1286 873 est

205 989 206 992 Ἴ
264 907 449 984 Materiae
476 930 570 982 vero
599 929 621 982 e
642 904 922 1003 vegetabilibus
947 906 1095 984 elicitae
1118 909 1221 986 inter
1244 935 1287 989 se

263 1015 418 1118 junctae
428 1021 531 1098 hanc
542 1020 670 1118 legem
683 1043 768 1096 non
780 1020 893 1122 sequi
905 1019 1097 1098 videntur.
1112 1021 1286 1101 Modum

262 1147 412 1223 tamen,
446 1159 528 1237 quo
560 1134 654 1210 huic
686 1133 762 1232 legi
795 1132 988 1233 subjectae
1020 1160 1104 1212 esse
1132 1139 1287 1238 possint

262 1239 534 1325 indicaverunt
555 1246 722 1324 Bischos
741 1261 780 1322 et
802 1249 934 1326 Rothe
958 1250 1050 1348 (Die
1065 1251 1284 1328 Entwicke-

262 1362 361 1461 lung
386 1362 458 1440 der
479 1361 849 1439 Pflanzensubstanz
874 1387 954 1440 von
979 1368 1082 1440 Nees
1105 1391 1139 1440 v.
1163 1369 1285 1442 Esen-

260 1478 378 1567 beck,
414 1475 581 1554 Bischof
609 1471 696 1551 und
732 1475 872 1553 Rothe.
908 1477 1062 1576 Erlang.
1088 1483 1194 1557 1819.
1224 1478 1284 1576 4.)

262 1615 335 1666 nec
367 1591 502 1667 minus
533 1587 742 1688 Avogadro
768 1589 986 1687 (Memoris
1010 1589 1112 1668 della
1136 1590 1284 1670 Acade

261 1707 343 1782 mia
368 1705 409 1781 di
435 1705 587 1782 Torino
613 1732 650 1806 p.
675 1706 780 1780 1821.
804 1729 841 1805 p.
868 1705 985 1802 bib).

361 1839 462 1911 Sunt
491 1835 674 1912 materiae
708 1857 729 1910 e
758 1834 1038 1932 vegetabilibus
1070 1836 1282 1925 ext1icatae,

261 1973 364 2049 quae
395 1973 552 2050 semper
584 1947 746 2025 eaedem
775 1949 1040 2049 reperiuntur,
1069 1949 1281 2051 quomodo

261 2077 329 2138 aut
361 2087 383 2138 e
416 2063 560 2164 quibus
592 2063 734 2169 plantis
757 2075 961 2165 parentur,
999 2087 1030 2138 e.
1056 2087 1090 2161 g.
1115 2063 1282 2153 alcohol,

260 2173 419 2276 acidum
451 2174 661 2264 aceticum,
690 2176 916 2251 tartaricum
942 2189 1011 2251 etc.
1061 2181 1164 2253 Sunt
1185 2202 1281 2254 vero
1381 2183 1383 2188 ’

259 2289 372 2377 aliae,
398 2315 501 2390 quae
524 2313 599 2390 pro
626 2289 772 2390 specie,
797 2313 819 2366 e
844 2314 921 2391 qua
946 2303 1101 2391 paratae
1125 2288 1282 2380 fuerint,

260 2401 434 2480 diversae
461 2403 733 2493 observantur,
760 2429 791 2480 e.
816 2427 849 2502 g.
874 2403 1035 2492 resinae,
1059 2403 1281 2494 alcaloidea,

164 2547 167 2551 ·
257 2516 523 2615 mucilagines.
571 2520 682 2593 Hanc
705 2517 927 2593 varietatem
951 2518 993 2592 in
1017 2517 1151 2597 modo·
1171 2543 1281 2594 com-

257 2632 468 2734 positionis
497 2629 708 2733 praecipue
738 2631 909 2733 positam
939 2655 1022 2708 esse
1054 2655 1139 2709 non
1164 2630 1281 2712 dubi-

256 2747 430 2823 taverim.

258 2891 261 2896 '
327 2881 487 2953 vPartes
527 2867 744 2978 corporum
786 2873 1066 2973 organicorum
1105 2877 1148 2953 in
1189 2879 1280 2956 aiire

256 2992 381 3090 magis
416 2991 631 3094 minusque
666 2988 777 3066 facile
814 2990 1108 3067 comburuntur
1143 3004 1183 3067 et
1212 2990 1280 3068 de·

257 3120 565 3208 componuntur.
628 3105 816 3182 Retinent
854 3096 964 3179 acida
1002 3103 1279 3204 vegetabilium

256 3219 359 3295 hanc
382 3219 562 3295 indolem
585 3220 628 3296 in
654 3217 948 3295 combinatione
973 3219 1163 3308 chemica,
1192 3243 1278 3296 non

257 3333 390 3408 solum
423 3333 529 3408 enim
558 3331 643 3412 Kali
681 3331 888 3420 arcticum,
919 3332 989 3409 sed
1015 3357 1178 3435 quoque
1201 3347 1278 3410 tar-

256 3461 363 3524 tarus
388 3446 563 3524 stibiatus
587 3441 630 3524 in
656 3473 756 3550 aqua
781 3445 910 3523 soluta
936 3459 975 3522 et
999 3447 1078 3524 aiiri
1104 3447 1277 3548 exposita

255 3562 449 3638 viscosam
481 3561 648 3660 gignunt
676 3562 880 3637 materiam
911 3559 953 3634 in
983 3560 1183 3662 pelliculas
1215 3585 1277 3638 ex-

255 3703 419 3780 pansam
437 3689 476 3754 et
490 3675 532 3751 in
548 3674 671 3752 varias
687 3675 918 3754 Mucedines
936 3671 1256 3754 efflorescentem.

257 3936 326 4026 20.
392 3929 662 4060 Qualitates
704 3930 989 4048 plantarum
1021 3939 1106 4020 aut
1132 3934 1276 4050 physi-

319 4105 397 4162 cae
430 4084 556 4175 sunt,
586 4071 659 4162 uti
688 4069 895 4186 gravitas
927 4068 1177 4190 specifica,¹
1195 4099 1274 4176 co·
