2852 4872
266 355 342 434 234
547 349 1012 451 tttnEcuMENnn.

266 550 441 630 lularum
480 555 644 658 plantae·
670 555 988 655 magnitudinem
1022 569 1155 634 auctae
1187 570 1291 644 sunt,

266 668 434 770 papillae
457 671 634 755 minores
660 669 890 748 cellularum
919 671 1070 772 plantae
1095 673 1292 773 magnitu-

267 782 403 858 dinem
427 809 511 860 non
536 783 712 859 multum
738 783 974 860 excedentes.

264 965 366 1059 tlt).
427 968 522 1057 Pili
540 977 660 1056 sunt
683 967 879 1070 canales
902 968 1290 1068 membranacei,

288 1105 505 1220 integri
553 1115 639 1195 aut
685 1107 878 1224 sepulti,
899 1107 1166 1224 simplices
1205 1121 1291 1198 aut

262 1245 538 1346 ιειιιιοεὶ,Ι
565 1243 731 1336 forma
767 1249 1068 1366 plerumque
1109 1247 1289 1336 conica

263 1365 676 1518 cylindricave
715 1385 1014 1504 epidermidi
1063 1401 1147 1475 eut
1198 1387 1287 1476 im-

322 1523 557 1628 mediate
600 1539 685 1648 aut
720 1527 993 1628 mediante
1007 1525 1211 1619 bulbo
1197 1527 1285 1618 1111-

296 1667 483 1784 'possti
546 1765 550 1775 Ι
656 1715 660 1756 :

306 1857 310 1868 ·
358 1821 461 1897 Cave
486 1843 537 1896 ne
561 1819 694 1929 radios
718 1821 839 1922 pappi
866 1835 933 1897 aut
958 1823 1090 1900 aristas
1116 1845 1209 1896 cum
1225 1818 1286 1920 pi-

257 1935 308 2012 li's'
333 1932 566 2010 confundas.
621 1936 672 2011 Hi
705 1935 925 2012 consistunt
957 1957 1001 2011 ea
1031 1961 1115 2011 uno
1142 1933 1286 2022 canale,

259 2074 387 2126 unave
420 2041 650 2156 cellulacum
676 2049 791 2138 serie,
828 2049 884 2124 illi
911 2075 933 2126 e
957 2050 1139 2152 pluribus
1165 2047 1284 2124 cellu-

259 2163 306 2240 lis
332 2163 405 2238 sibi
432 2163 628 2264 appositis.

354 2277 428 2354 Pili
465 2277 703 2378 plerumque
741 2278 877 2379 septati
913 2279 1180 2378 reperiuntur,
1211 2303 1283 2356 seu

258 2393 376 2494 septis
399 2391 625 2484 transversis
639 2391 832 2478 distincti,
855 2392 980 2466 mrius
998 2393 1147 2494 absque
1163 2394 1282 2494 septis

258 2505 431 2582 canalem
473 2506 672 2602 integaum
714 2506 872 2591 sistunt,
913 2518 959 2580 ut
998 2505 1041 2580 in
1082 2505 1281 2582 radicibus
1416 2607 1417 2610 Ἴ

254 2634 470 2722 semper,
461 2633 499 2694 at
529 2643 701 2720 quoque
723 2620 766 2694 in
790 2607 983 2695 fructibus
1009 2619 1281 2698 Umbellisera

254 2757 364 2822 rum,
389 2733 608 2808 seminibus
634 2733 831 2835 plerisque
858 2735 1038 2810 coenosis
1057 2748 1095 2811 et
1118 2735 1161 2810 in
1187 2722 1279 2824 aliis,

254 2851 326 2926 ubi
349 2847 400 2923 ad
428 2859 526 2923 setas
553 2845 753 2923 accedunt
1005 2863 1035 2890 ·’

351 2961 429 3039 Cir.
464 2962 637 3038 Schranlr
668 2993 694 3038 u.
722 2966 757 3040 d
783 2963 1093 3063 Nehengesdssoel
1091 2965 1276 3068 .Pstanzl

253 3079 343 3154 Hal.
371 3079 476 3153 1794.
504 3075 612 3151 unde
637 3078 797 3152 termini
823 3075 1004 3151 desumti

348 3189 590 3290 Plerumque
621 3189 818 3290 simplices
851 3203 1080 3280 occurrunt,
1120 3203 1158 3268 et
1191 3193 1278 3292 qui·

251 3304 344 3381 dem
384 3305 484 3386 recti,
510 3305 670 3402 sulcati,
714 3303 897 3388 uncnati,
940 3303 1106 3406 crespuli,
1148 3306 1277 3382 rarius

240 3417 395 3526 furenti
428 3414 656 3513 (bifurcati)
696 3429 734 3491 et
769 3417 820 3490 tri
836 3420 958 3492 urenti
990 3420 1055 3516 (in
1097 3419 1276 3518 Apargiis

252 3528 534 3634 quibusdam),
566 3531 718 3609 hamati
745 3553 816 3604 seu
846 3534 966 3608 ramis
998 3532 1116 3633 apicis
1141 3555 1274 3608 recur-

112 3737 114 3750 .
251 3647 308 3722 vis
341 3643 513 3742 (semina
543 3640 736 3740 Myosotis
769 3647 1002 3747 Lappulae)‚
1027 3646 1187 3730 ramosi,
1213 3667 1273 3722 ra-

251 3760 327 3836 mis
352 3756 605 3860 paucioribus
630 3757 885 3836 cmssiotibus
920 3759 1076 3862 (petioli
1103 3763 1272 3844 Grossu·

250 3873 407 3968 laniae),
443 3875 615 3976 pennati,
657 3875 777 3950 ramis
821 3873 956 3950 multis
997 3874 1270 3962 tenerioribus,

250 3986 491 4086 (Hieracium
523 3987 738 4086 Pilosella),
757 3990 941 4092 plumosi,
975 3987 1095 4081 ramis
1123 3989 1270 4073 iterum

247 4100 428 4202 pennatis
452 4101 692 4198 (Hieracium
717 4101 984 4199 undulat'um)‚
997 4105 1162 4189 dentati·
1179 4105 1270 4180 dert-
