2852 4872
601 421 761 499 rtos.
978 437 980 446 ’
1025 415 1028 422 ’
1071 420 1074 428 ’
1113 418 1191 498 'ets

164 621 308 699 florem
332 619 475 698 retulit.
523 623 656 699 Partes
682 618 793 696 lloris
817 639 901 694 esse
918 619 1099 717 calycem,
1122 645 1189 700 co·

71 813 75 816 ,
163 736 324 825 rollam,
357 749 510 811 stamen
543 749 582 812 et
612 733 804 840 pistillum
838 731 934 809 dixit
964 734 1083 832 (Phil.
1108 737 1188 814 bot

162 849 248 948 87.)
287 864 326 926 et
372 851 580 926 essentiam
623 848 736 926 floris
778 848 991 924 consistere
1033 847 1077 924 in
1111 875 1189 937 ,an-

161 964 273 1040 thera
300 977 339 1039 et
363 965 544 1062 stigmate
571 963 661 1062 (Ph.
689 964 769 1038 bot
793 963 887 1059 88).

259 1081 377 1154 Hunc
415 1077 569 1178 primus
602 1091 758 1154 secutus
793 1090 849 1151 est
885 1073 1113 1176 Ludwigius
1150 1093 1191 1156 'et

161 1189 308 1268 florem
331 1205 484 1322 partem
508 1191 674 1292 plantae
689 1191 799 1278 dixit,
833 1213 935 1290 quae
960 1194 1126 1268 stamina
1152 1207 1191 1270 et

59 1292 74 1304 ’
161 1306 345 1407 pistilla
334 1330 377 1380 in
409 1305 625 1381 involucris
656 1303 983 1381 convenientibus
1014 1308 1191 1384 continet

161 1421 307 1518 (Instit
332 1443 437 1518 regn
462 1443 545 1519 veg
570 1420 744 1517 §.135..)

257 1534 388 1612 Secuti
421 1546 516 1608 sunt
546 1557 688 1609 omnes
720 1531 803 1609 fere
826 1536 1022 1621 Botanici,
1048 1549 1187 1636 qnam·

157 1645 216 1722 vis
240 1646 446 1723 interdum
474 1647 700 1722 autminus
726 1658 823 1746 apte,
850 1661 917 1724 aut
940 1649 1076 1724 minus
1099 1661 1188 1750 pe'r-

159 1760 295 1860 spicue
320 1785 408 1835 rem
433 1758 678 1836 tradiderint
727 1765 830 1836 Nees
847 1761 990 1838 llorem
1013 1785 1094 1838 esse
1111 1775 1187 1840 tet*-

157 1873 318 1949 minum
351 1874 497 1949 herbae
522 1872 753 1974 praesertim
779 1873 919 1950 docuit
943 1875 1122 1974 (Handb
1148 1867 1185 1954 d.

158 1990 316 2064 BotT
341 1992 375 2064 2.
401 2015 437 2090 p.
460 1986 530 2085 ·.1.)

112 2189 125 2211 .
254 2095 387 2178 Partes
418 2100 573 2177 floris
561 2128 604 2177 m
629 2123 773 2198 genere
798 2115 866 2178 aut
890 2117 1092 2203 separatas,
1119 2120 1187 2181 aut

158 2228 346 2290 connatas
384 2217 509 2293 monia
541 2215 671 2292 dicero
702 2214 865 2316 poteris,
895 2217 1006 2294 udde
1030 2215 1107 2294 llos
1132 2217 1185 2297 ti-

152 2355 204 2431 po
207 2331 399 2432 lymorius

145 2473 148 2478 ·
251 2443 345 2519 Flos
370 2455 428 2517 est
451 2465 540 2544 pars
564 2441 720 2544 plantae
744 2441 993 2520 involutione
1022 2458 1184 2584 genera

155 2555 309 2633 tionem
333 2557 590 2657 praesagiens.

157 2753 259 2848 148.
325 2753 443 2846 Flos
473 2762 583 2916 prol
580 2763 676 2876 epse·
710 2757 954 2858 nascitur,
985 2714 1184 2872 gemma

218 2893 409 2986 seilicet
445 2895 584 3014 prius
624 2895 844 2997 evoluta,
875 2919 1028 3014 quam
1073 2923 1183 2987 evo

143 3043 148 3162 j
216 3033 321 3124 luta
354 3023 492 3136 esset
524 3036 566 3150 si
597 3020 810 3148 herbam
843 3047 1042 3176 tantum
1067 3063 1181 3156 pro·

216 3173 419 3266 tulisset

138 3427 139 3430 p
248 3341 456 3444 Prolepsin
504 3342 701 3422 Llnnaeus
752 3341 1022 3420 evolutionem
1067 3341 1179 3420 floris

152 3480 385 3558 praecocem
417 3459 578 3534 vocavit.
638 3463 817 3535 Bracteas
851 3473 935 3535 esse
965 3457 1060 3535 folia
1084 3457 1177 3534 anni

153 3570 332 3676 secundi,
358 3570 529 3668 ealytem
552 3573 675 3660 tertii,
707 3571 900 3650 corollam
925 3573 1072 3674 quarti,
1103 3587 1176 3650 sta·-

151 3685 262 3761 mina
303 3685 432 3788 quinti
453 3725 456 3730 ¹
474 3700 512 3763 et
550 3686 743 3789 pistillum
784 3688 879 3765 sexti
918 3685 1177 3785 (Amoenitat

153 3797 259 3874 acad.
283 3798 329 3877 V.
353 3801 388 3874 6.
412 3800 480 3897 7.).
528 3801 767 3879 Considerat
790 3801 898 3878 enlm
922 3800 1097 3876 bracteas
1118 3797 1176 3878 tlti

92 3999 96 4007 ,
151 3909 248 3988 folia
273 3931 522 4011 gemmarum
547 3915 665 4016 primi
692 3914 794 4001 anni,
819 3915 991 4013 calycem
1007 3912 1066 3990 uti
1081 3908 1178 3990 solta

152 4047 403 4123 gemmarum
435 4019 622 4104 secundi
625 4027 715 4104 anni
743 4041 781 4104 et
804 4029 858 4105 sic
882 4053 1025 4132 porro,
1055 4024 1114 4102 ita
1127 4027 1178 4102 ut

143 4137 261 4237 ealyx
284 4139 440 4216 veluti
429 4165 473 4218 rn
498 4140 618 4220 axillis
642 4129 828 4231 bracteae,
854 4139 1038 4219 corolla
1027 4161 1069 4216 m
1085 4137 1177 4216 atil

802 4255 882 4330 16
