2840 4870
255 393 329 476 los
408 385 410 392 '
671 399 859 474 rocta.

251 597 361 690 1118.
434 599 538 691 Sub
582 591 710 718 aqua
751 597 875 688 folia·
912 597 967 686 in
1009 597 1283 687 tenuz'ssimas

156 727 161 735 ’
292 813 295 818 .
319 738 592 830 locriu'osita
615 737 913 838 dividuntur,
935 751 991 827 ut
1018 734 1284 855 diachyma

319 875 427 968 sere
462 891 733 970 evanescat.

356 1082 401 1156 Iu
432 1084 548 1160 variis
578 1082 719 1184 plantis
745 1081 931 1183 aquaticis
957 1079 1052 1157 folia
1078 1081 1283 1172 submersa

257 1195 488 1272 tenuissime
512 1197 689 1273 laciniata
714 1210 815 1282 sunt,
842 1220 992 1270 emersa
1010 1195 1284 1294 integrescunt,

259 1329 290 1382 e.
328 1331 361 1406 g.
398 1309 441 1384 in
475 1315 602 1413 Trapa
635 1324 809 1399 natante,
849 1309 1088 1387 Ranunculo
1130 1307 1285 1386 hetero-

257 1419 411 1524 phyllo,
439 1426 508 1502 Sio
535 1423 702 1501 latifolio
730 1439 799 1500 etc.

301 1541 400 1624 In
450 1539 533 1616 aliis
576 1537 670 1614 folia
712 1536 847 1614 omnia
888 1538 1119 1613 tenuissime
1163 1534 1283 1612 divisa

258 1645 367 1736 sunt,
406 1675 435 1726 e
475 1677 507 1749 g.
545 1632 804 1730 Ranunculus
846 1651 1021 1740 fluitans,
1067 1650 1284 1780 circinatus,

259 1763 588 1866 Myriophyllum,
615 1765 951 1884 Ceratophyllum.

354 1881 401 1956 In
437 1883 552 1957 variis
589 1873 904 1980 Potamogitonis
947 1877 1152 1980 speciebus
1189 1877 1284 1957 folia

257 1951 460 2070 submersa
487 1995 709 2096 angustiora
735 2009 829 2070 sunt
854 2009 892 2071 et
915 1993 1159 2092 longissima,
1185 1991 1283 2069 dum

258 2127 407 2186 emersa
432 2107 569 2187 l'atiora
595 2109 805 2210 multoque
830 2108 1021 2184 breviora.

352 2225 422 2298 Est
453 2224 638 2310 mutatio,
677 2245 807 2326 quae
810 2219 906 2296 folia
930 2220 1131 2296 radicibus
1153 2221 1285 2298 reddit

259 2334 431 2432 analoga.

269 2451 275 2458 '
354 2447 465 2523 Folia
496 2443 702 2524 fenestrata
739 2445 1024 2546 Hydrogitonis
1063 2448 1282 2546 (Ouviran-

259 2557 356 2658 dae)
383 2560 434 2636 ad
458 2561 560 2638 hanc
584 2561 759 2640 formam
785 2561 985 2652 accedunt.
1112 2575 1114 2582 '

258 2839 348 2932 119
363 2875 406 2933 o.
433 2842 665 2958 'Margine
688 2843 1008 2934 coalitasunt
1023 2841 1139 2932 folia
1150 2847 1281 2960 fistu-

292 2987 430 3103 dosa,
472 2981 664 3103 pagina
695 2984 957 3104 superiore
998 2985 1281 3098 ensfformt'a‚·

317 3123 480 3212 rarius
520 3125 666 3242 plura
715 3125 770 3214 in
827 3145 987 3212 unum
1042 3137 1282 3214 concreta

316 3256 652 3401 inveniuntur.

237 3435 238 3440 ¹
350 3453 463 3531 Folia
509 3454 687 3534 fistulosa
734 3458 932 3536 Alliorum
978 3459 1157 3576 margine
1199 3479 1282 3534 esse
1398 3479 1399 3491 ¹

257 3539 393 3644 coalita
418 3567 648 3676 praesertim
672 3572 714 3646 in
740 3571 823 3646 basi
850 3574 1099 3676 conspicitur.
1158 3612 1161 3620 ·
1201 3619 1205 3628 ·

354 3681 483 3759 Simili
515 3685 686 3761 modo
675 3711 717 3786 m
741 3683 826 3761 basi
848 3687 937 3764 folii
964 3687 1190 3764 ensiformis
1216 3711 1283 3762 co-
1396 3771 1397 3790 χ

255 3798 462 3897 gnoscitur
486 3799 671 3900 paginam
702 3802 951 3901 superiorem
983 3799 1203 3901 utriusque·
1229 3799 1284 3874 la-

255 3917 348 3992 ten's
373 3924 597 4018 concretam
623 3937 722 4022 esse„
815 3908 846 3932 ⁶

354 4027 549 4126 Singulari
573 4029 700 4105 modo
729 4028 875 4107 folium
898 4026 982 4106 basi
1005 4045 1160 4108 tantum
1177 4015 1282 4104 mar·
1394 4073 1395 4085 .

253 4141 411 4236 ginibus
428 4144 617 4233 accrescit,
634 4145 742 4247 apice
759 4170 852 4222 vero
872 4159 1053 4248 apertum
1071 4144 1280 4222 asciforme
