2852 4872
228 318 316 432 ‘aas
612 424 616 440 ,
673 355 836 430 reos.

244 555 343 630 sime
367 551 457 641 fert,
490 569 591 655 quae
625 575 741 654 saepe
779 577 799 626 a
825 549 931 628 loliis
956 549 1138 654 perfectis
1164 551 1268 629 diffi-

245 668 389 744 cillime
416 667 720 765 distinguuntur.

196 855 199 870 ,
253 826 260 838 ·
322 773 594 872 'pedunculus
621 779 756 854 'stricte
789 777 844 852 sic
875 777 1003 854 dictus
1034 771 1068 854 is
1100 793 1172 870 est,
1199 784 1266 884 qui

44 951 47 958 -
157 917 162 930 ³
246 921 338 972 cum
363 895 463 972 flore
488 893 667 970 fructuve
694 907 761 968 aut
778 891 933 982 decidit,
958 909 1024 984 aut
1039 893 1173 970 fructu
1186 921 1272 972 ma·

245 1026 336 1086 turo
358 1025 402 1086 'et
426 1009 644 1086 seminibus
671 1008 821 1082 emissis
847 1024 940 1084 cum
956 1009 1088 1084 lructu
1104 1035 1273 1086 marces·
1336 1015 1339 1026 '

238 1126 298 1199 ¹tit
339 1111 377 1200 et
416 1123 525 1226 perit
592 1125 641 1199 Αι
676 1121 819 1196 limites
853 1147 936 1198 uon
970 1126 1060 1200 satis
1092 1123 1274 1214 distincti,

246 1253 342 1314 teste
381 1239 516 1336 thyrso
551 1237 737 1335 syringas
766 1233 950 1334 vulgaris,
991 1254 1037 1314 ut
1073 1239 1274 1316 noluerim

246 1367 367 1428 usum
393 1351 588 1456 loquendi
614 1363 777 1426 mutare.
822 1374 840 1407 ··
1060 1339 1063 1346 ’

254 1484 260 1504 ¹
345 1468 437 1542 Flos
467 1469 605 1544 sessilis
636 1480 813 1553 vocatur,
840 1469 903 1542 cui
930 1467 1182 1570 pedunculus
1208 1467 1277 1546 de·

250 1580 345 1666 licit,
380 1573 457 1655 aut
476 1573 730 1656 brevissimus
757 1595 821 1662 est
852 1583 1078 1660 *Interdum
1103 1579 1278 1659 llos's'eu

249 1719 411 1807 germen
449 1696 551 1770 intra
590 1695 776 1770 corticem
815 1696 1031 1797 pedunculi
1074 1681 1280 1772 nidulatur

207 1861 211 1886 ι
251 1810 431 1910 (Piper),
467 1823 534 1884 aut
557 1807 807 1910 pedunculus
840 1831 932 1887 cum
965 1811 1158 1887 fructibus
1196 1835 1277 1916 car-

158 1975 159 1984 ,
252 1945 375 1999 nosus
401 1923 530 2000 evadit
554 1911 775 2020 (Bromelia
801 1927 989 2023 Auauas).

343 2029 616 2114 Pedunculus
653 2035 818 2140 simplex
864 2055 921 2114 est
976 2054 1043 2116 aut
1091 2040 1277 2125 ramosus,

254 2153 438 2256 unssorus
471 2167 538 2228 aut
568 2177 636 2226 ma
636 2155 830 2256 ltistorus.
863 2137 1035 2232 Ultimus
1060 2153 1279 2258 pedunculi

253 2267 401 2342 ramosi
426 2291 560 2341 ramus
580 2269 781 2396 perlr‘cellus
805 2282 977 2342 vocatur.

350 2379 571 2456 Pedunculi
596 2380 655 2454 uti
681 2381 797 2467 rami,
822 2385 958 2456 arrecti
979 2397 1080 2470 sunt,
1099 2399 1280 2486 patentes,

255 2495 464 2581 (Ιίοανίεαίιξ
503 2507 590 2568 tum
628 2494 806 2591 singulus
841 2510 908 2572 aut
944 2513 1061 2572 rectus
1100 2512 1171 2584 est,
1215 2511 1289 2606 aut(

255 2619 414 2692 nutans,
443 2620 510 2682 aut
533 2637 708 2716 manuus,
736 2611 913 2714 resumas,
937 2610 1101 2716 vinflexus
1128 2625 1197 2688 etc.

353 2723 432 2796 Aut
455 2737 595 2826 aequat
597 2751 641 2797 us
660 2726 716 2798 e'st
733 2724 822 2820 (uec
839 2721 1004 2812 inferne,
1022 2751 1094 2801 nec
1112 2749 1282 2827 superne

258 2835 457 2944 crassior),
483 2850 551 2911 aut
575 2835 661 2912 basi
682 2839 928 2960 aiter-assatus,
952 2855 1036 2944 aut,
1058 2855 1096 2914 et
1118 2840 1282 2942 quidem

257 2950 493 3050 saepissime,
531 2954 633 3054 apim
673 2953 903 3031 incrassatus
905 2925 1084 3086 J'Apice
1122 2953 1217 3028 dilat
1202 2967 1282 3028 tato

257 3063 581 3166 receptaculum
576 3065 698 3141 floris
734 3064 909 3155 format,
938 3067 1012 3144 nisi
1055 3069 1099 3144 iu
1136 3067 1285 3170 hypan-

258 3177 389 3256 thium
414 3194 592 3256 transeat
658 3239 661 3248 ,
701 3211 703 3218 ’

356 3296 413 3370 Ex
453 3294 562 3394 axilla
598 3291 687 3370 folii
729 3294 966 3374 bracteaeve.
995 3296 1146 3396 prodit,
1186 3297 1286 3387 april-

234 3407 366 3493 larzsss,
398 3422 470 3490 ¹aut
507 3409 609 3484 inter
649 3408 753 3485 duos
792 3433 926 3485 ramos
974 3409 1154 3507 emergit,
1203 3437 1286 3485 cen·

261 3523 382 3608 tralis,
422 3537 489 3598 aut
522 3548 544 3598 e
581 3523 700 3599 latere
732 3524 832 3597 rami
863 3520 1030 3597 caulisve
1066 3521 1165 3596 lolio
1200 3519 1288 3597 bra·

262 3650 390 3712 cteave
423 3659 507 3712 non
539 3635 663 3712 sultus
690 3637 869 3734 emergit,
901 3639 1075 3712 lateralis.
1127 3625 1287 3740 Triplici

253 3751 388 3827 'modo
423 3751 501 3826 hoc
535 3749 621 3826 fieri
656 3751 770 3826 solet.
809 3759 877 3825 aut
901 3775 921 3824 a
949 3742 1037 3825 cent
1038 3777 1083 3828 ro
1112 3749 1287 3826 dimotus

263 3880 321 3942 est
345 3864 591 3962 (Solaueae),
626 3880 693 3940 aut
725 3866 825 3941 rami
851 3863 1068 3940 terminum
1094 3866 1193 3941 sistit
1215 3865 1289 3941 llo·

231 3994 432 4068 rentem,
474 3981 586 4055 'ramo
625 3980 769 4056 axillari
806 3977 981 4056 soliifero
1020 3981 1186 4057 ulterius
1229 4003 1289 4055 ex·
1423 4051 1424 4086 ,

264 4109 460 4173 crescente
490 4093 832 4194 (Umbellise'rae),
866 4109 934 4172 aut
964 4119 985 4172 e
1012 4087 1121 4172 caule
1146 4083 1290 4198 predis,
1423 4149 1424 4158 ,
