2838 4874
480 344 763 430 susanna:
805 413 810 424 ,
905 291 908 298 ⁴
1061 350 1134 436 aaa

111 609 212 702 290.
242 621 247 626 ’
276 609 452 706 Genera
476 605 702 724 natztralia'
727 599 1007 702 secundum
1030 631 1132 722 om-

170 774 262 838 nes
323 761 470 854 notas
527 772 829 862 numquam*
857 743 1133 850 mutabiles,

170 920 335 1008 genera
382 890 635 1002 artificialia
680 882 959 974 secundum
1012 889 1131 1000 ejus·.

172 1024 314 1117 modi
358 1039 505 1115 notas
545 1021 685 1112 floris
719 1021 1024 1142 ,fructusque
1062 1024 1129 1114 di·

173 1161 467 1284 stinguenda
500 1173 626 1254 sunt..
1126 1152 1130 1163 ’

208 1338 372 1422 Generis
397 1337 509 1414 notio
535 1359 653 1439 supra
679 1333 1031 1434 (waradiensi.
1125 1392 1129 1400 ,

205 1450 396 1528 Possibile
442 1465 515 1539 est,
569 1466 608 1529 at
631 1527 633 1534 .
654 1474 738 1528 non
787 1465 1002 1552 expertum,
1043 1476 1129 1528 om

107 1587 179 1640 nes
215 1566 364 1667 species
392 1563 579 1666 ¹ejusdem
612 1565 766 1665 generis
798 1566 847 1642 ab
881 1563 1020 1642 eadem
1044 1591 1130 1669 spe·

8 1741 9 1752 ,
108 1679 167 1755 cie
192 1694 327 1756 ortum
352 1680 551 1756 traxisse·
604 1714 607 1724 ¹

164 1797 166 1802 ’
201 1796 357 1873 {Omnes
378 1810 504 1884 notae,
519 1795 672 1898 quasin
684 1796 915 1878 universum
927 1795 1130 1874 variabiles

108 1907 253 2009 experti
279 1932 427 1998 sumus,
444 1908 669 2008 rejiciantur
686 1936 707 1987 e
724 1911 876 2010 generis
898 1911 1128 2000 charactere.
1179 2005 1181 2012 y

109 2021 173 2097 Sic
197 2035 315 2098 notae
341 2050 362 2099 a
388 2024 639 2126 qualitatibus
665 2025 869 2105 desumtae
885 2022 1129 2122 rejiciendae,

107 2160 202 2212 cum
224 2137 280 2214 in2
293 2137 523 2216 universum
547 2139 757 2216 mutabiles
781 2141 867 2228 sint,
885 2162 966 2238 eg.
985 2139 1129 2227 colore,

106 2274 264 2352 sapore,
296 2249 432 2328 odore.
488 2253 552 2329 Sic
585 2277 750 2356 quoque
783 2279 805 2330 a
836 2275 1028 2342 numero,
1054 2253 1129 2328 nisi

104 2363 299 2442 ternarius
324 2366 509 2442 omnium
533 2366 705 2468 partium
732 2379 960 2469 opponatur
992 2368 1131 2470 quina·

104 2480 183 2565 rio,
227 2502 322 2554 nam
358 2479 508 2586 borum
543 2480 808 2557 mutationem
849 2481 983 2557 nullus
1023 2479 1130 2556 vidit

104 2594 156 2670 At
177 2592 299 2668 unius
322 2593 660 2696 partis'aberratio
685 2594 742 2669 nil
768 2593 896 2682 efficit
920 2618 1013 2669 nam
1029 2597 1130 2670 Aco4

105 2707 237 2781 nitum
275 2704 384 2784 aliud
422 2707 690 2811 tricapsulare,
724 2707 832 2784 aliud
863 2707 1131 2810 quinquecap÷
1172 2727 1175 2732 ’

106 2819 236 2896 eulare
261 2834 327 2896 est
381 2820 601 2898 Pedicellus
631 2819 781 2897 florum
806 2823 849 2896 in
875 2821 1131 2899 Graminibus

105 2948 245 3012 notam
270 2935 492 3032 genericam
517 2960 601 3012 non
627 2936 846 3024 constituit,
871 2960 966 3022 nam
991 2957 1132 3016 nume-

104 3073 174 3124 rus
206 3046 357 3124 florum
393 3048 594 3132 mutabilis
632 3062 704 3137 est,
743 3063 782 3126 et
811 3047 1029 3152 pedicellus
1058 3049 1132 3126 iste

104 3161 381 3238 rudimentum
411 3163 523 3242 floris
555 3161 705 3238 indicat
733 3177 802 3240 etc.
858 3163 923 3240 Sic
956 3160 1132 3240 defectus

103 3275 224 3377 partis
250 3289 387 3352 natam
405 3300 490 3354 non
509 3276 711 3355 constituit
727 3276 958 3375 genericam,
977 3287 1015 3350 et
1028 3275 1131 3350 Ane·
1244 3365 1247 3372 Ι
1310 3352 1312 3363 ,

103 3413 256 3468 manee
271 3391 421 3491 species
446 3392 632 3470 nectariis.
651 3390 859 3468 destitutae
885 3416 905 3464 a
926 3387 1132 3489 speciebus
1148 3431 1163 3448 ·.
1215 3401 1217 3410 ’

106 3503 285 3578 nectariis
324 3503 512 3606 praeditis
550 3529 635 3580 non
675 3501 922 3605 separandae,
992 3503 1132 3579 Canon

103 3617 352 3693 Linnaeanus
385 3617 508 3715 (Phil.
544 3617 626 3693 bot
665 3617 787 3714 169.):
827 3621 939 3712 Quae
970 3615 1012 3690 in
1046 3635 1132 3690 uno

104 3753 249 3828 genere
274 3729 323 3806 ad
350 3754 477 3828 genus
496 3729 781 3820 stabiliendum
806 3731 945 3815 valent,
965 3727 1132 3802 minime

103 3843 212 3919 idem
239 3841 280 3917 in
308 3844 428 3920 altero
455 3845 674 3920 necessario
700 3857 911 3944 praestant3
936 3840 1053 3943 plane
1072 3865 1133 3920 re:-

104 3953 299 4070 jiciendus
324 3957 494 4048 videtur,
520 3973 614 4034 nam
642 3955 689 4032 ad
716 3958 865 4059 species
898 3980 1041 4055 genera
1073 3976 1133 4029 re-

106 4070 276 4150 duceret
313 4073 427 4160 .Vice
456 4096 566 4184 nerse
600 4068 756 4174 utique
773 4068 1006 4173 separanda,
1032 4088 1133 4168 quae¹
