2852 4872
567 385 731 474 FLOS.
1082 375 1156 459 tot

135 587 332 690 perigynis
363 587 481 664 latere
513 585 701 661 interiore
739 581 864 684 petala
906 593 944 656 et
977 577 1156 656 'stamina

136 703 329 777 sustinere
354 701 462 778 solet.
511 699 725 776 Perruothii
746 718 912 782 nomen,
937 692 1029 769 alias
1055 693 1157 768 otio·

137 835 246 902 sum,
283 815 477 917 superiori
502 816 600 916 parti
632 810 787 915 imponi
818 821 962 910 potest,
1000 831 1083 910 quo
1108 806 1157 882 ab

135 926 355 1032 hypanthio
382 928 650 1027 distinguatur.

138 1139 256 1232 158.v
305 1141 423 1230 Situs
468 1123 638 1255 inferus
686 1148 736 1226 et
785 1165 969 1252 superus
1021 1141 1163 1224 ororii

202 1291 287 1368 aut
319 1277 479 1367 oritur
510 1281 538 1364 a
570 1273 899 1365 concretione
922 1273 1159 1387 germinis

161 1421 164 1446 '
203 1429 255 1524 et
293 1415 487 1534 calycis,
539 1427 624 1532 ¹aut
664 1413 898 1527 analogus
937 1425 1011 1502 est
1046 1441 1160 1534 pro-

199 1551 326 1672 lepsi
359 1553 569 1646 centrali
601 1566 651 1643 et
679 1551 942 1644 terminali.

238 1723 429 1800 Ovarium
463 1748 534 1799 seu
558 1745 719 1821 germen
744 1720 918 1797 inferum
944 1721 992 1796 ab
1017 1725 1161 1799 Aucto-

140 1837 253 1916 ribus
283 1837 481 1938 plerisque
514 1835 659 1912 dicitur
688 1835 915 1937 quodcum
940 1834 1067 1931 calyce
1091 1859 1163 1928 seu

140 1951 275 2053 potius
300 1949 517 2050 hypanthio
536 1964 752 2026 connatum
770 1963 835 2036 est
851 1971 1041 2051 superum
1056 1973 1162 2038 vero,

141 2062 257 2166 quod
288 2089 309 2138 a
341 2065 469 2162 calyce
503 2063 682 2148 ‘solutum
722 2063 1038 2166 deprehenditur.
1095 2067 1163 2140 Se·-

141 2177 391 2278 misupcrum
417 2191 482 2264 est
509 2175 620 2277 quod
645 2177 787 2279 partim
805 2203 825 2252 a
843 2176 970 2274 calyce
990 2178 1164 2266 solvitur,
1182 2177 1185 2186 '

143 2291 286 2392 partim
317 2291 391 2391 ipsi
424 2289 617 2366 adhaeret
671 2294 718 2367 In
749 2290 886 2366 multis
916 2313 978 2366 res
1002 2291 1055 2366 ita
1079 2313 1165 2368 sese

145 2403 279 2492 hahet,
323 2429 353 2478 e.
395 2427 428 2502 g.
469 2404 511 2478 in
552 2404 782 2482 Umbellatis
824 2418 892 2480 etc.
954 2407 1004 2481 At
1049 2416 1164 2506 'saepe

144 2517 286 2595 haecce
323 2516 521 2596 distinctio
558 2534 720 2596 naturae
756 2541 841 2594 non
874 2519 1066 2594 convenit
1121 2517 1163 2595 si

146 2631 326 2709 orarium
357 2632 468 2708 floris
500 2630 706 2730 cujusdam
736 2631 928 2719 inferum,
963 2659 995 2711 e.
1028 2657 1062 2732 g.
1089 2637 1165 2710 Ga·

40 2781 42 2785 ·
145 2743 270 2820 lanthi
306 2745 442 2820 nivalis
480 2771 572 2822 cum
610 2745 686 2821 alio
719 2745 830 2822 floris
862 2744 1067 2844 cujusdam
1100 2772 1164 2823 su·

146 2879 245 2960 pero
277 2870 316 2932 et
354 2857 517 2960 quidem
555 2859 708 2959 plantae
748 2858 857 2935 haud
893 2859 944 2935 ita
979 2873 1166 2948 remotae,

148 2994 180 3048 e.
211 2994 245 3068 g.
274 2972 481 3068 Hyacinthi
514 2970 719 3070 cujusdam
750 2997 968 3074 comparas,
992 2973 1167 3053 invenies

53 3113 57 3118 ·
146 3084 410 3188 pericarpium
452 3101 670 3186 utrumque
713 3112 757 3162 ex
802 3085 946 3163 iisdem
988 3101 1166 3165 constare
1239 3179 1242 3194 Ι

119 3199 389 3279 membranis
433 3200 506 3274 sibi
556 3200 886 3303 superimpositis,
922 3225 995 3277 nec
1035 3200 1165 3277 ullum

149 3313 287 3410 calycis
313 3313 441 3388 adnati
466 3313 676 3411 vestigium
700 3315 743 3390 in
767 3315 1034 3412 illo-inveniri.
1082 3319 1166 3394 Hu·
1247 3384 1251 3389 .
1356 3325 1357 3330 ’

148 3421 323 3526 jusmodi
349 3427 469 3520 liores
495 3439 587 3504 sunt
610 3451 700 3503 vere
726 3428 890 3529 epigyni.

247 3541 309 3618 Sic
343 3565 506 3643 quoque
537 3540 645 3616 nulla
677 3554 733 3616 est
757 3540 978 3619 differentia
1001 3542 1045 3619 iu
1071 3539 1167 3618 divi·

149 3653 262 3734 sione
285 3654 565 3732 fasciculorum
588 3655 836 3754 lignosorum
854 3655 1069 3758 pedunculi
1088 3653 1168 3756 epi·

43 3817 45 3821 -
149 3792 356 3870 gynorum,
373 3771 655 3872 perigynorum
673 3768 1041 3871 ethypogynorum.
1077 3773 1168 3844 Fas·

150 3883 266 3961 ciculi
301 3910 373 3986 per
409 3884 587 3959 ovarium
620 3883 737 3960 simili
767 3882 903 3962 modo
944 3883 1169 3971 decurrunt,

149 3997 194 4076 in
219 3995 393 4100 epyginis
422 4017 538 4099 supra
565 3998 743 4074 orarium
767 3997 943 4074 ramulos
969 3995 1018 4072 ad
1042 3995 1168 4098 petala

151 4125 192 4191 et
226 4112 392 4189 stamina
424 4113 620 4200 emittunt,
653 4111 695 4188 in
725 4111 945 4214 hypogynis
976 4109 1169 4202 insrafin
