2836 4878
256 399 330 472 326
624 393 913 478 FRUCTUS.

356 591 397 671 si
451 590 587 696 diplot
627 591 728 668 circa
768 588 1034 666 loculamenta
1074 585 1291 665 induratur

254 736 418 812 pyrenae
454 708 641 785 oriuntur
677 731 698 780 a
736 703 954 780 seminibus
992 703 1114 779 osseis
1157 705 1289 805 probe

261 820 571 920 distinguendae.
626 815 829 894 Differunt
861 843 882 896 a
907 819 1126 895 seminibus
1150 843 1292 920 super-

259 933 350 1012 ficie
383 935 590 1021 exteriore,
621 933 856 1034 neutiquam
886 931 1087 1031 laevigata,
1120 931 1191 1010 sed
1214 957 1292 1034 po·

260 1051 339 1126 tius
364 1045 636 1126 scabriuscula.
664 1071 766 1150 quae
791 1071 956 1148 quoque
980 1047 1023 1121 in
1049 1043 1187 1149 drupis
1205 1045 1292 1124 fere

260 1189 418 1265 semper
448 1162 663 1250 invenitur,
696 1173 926 1237 attestatur
959 1159 1172 1236 discrimen
1209 1162 1292 1263 pri·

262 1280 446 1355 mitivum
483 1279 588 1353 inter
623 1290 812 1378 putamen
849 1288 930 1350 tam
974 1273 1124 1375 drupae
1166 1300 1291 1377 quam

262 1417 502 1498 pyrenarum
532 1414 617 1465 non
647 1387 778 1464 fuisse.
842 1391 949 1463 Tum
982 1387 1081 1464 nulli
1114 1388 1290 1465 fasciculi

262 1509 405 1606 lignosi
454 1502 657 1582 funiculos
712 1501 931 1584 formantes
980 1503 1289 1604 conspiciuntur,

261 1647 431 1724 pyrenae
465 1619 623 1705 adnexi,
656 1615 727 1693 sed
761 1615 836 1692 soli
869 1616 975 1690 carni
1017 1615 1150 1692 adnati
1188 1631 1290 1693 sunt

262 1739 374 1813 lutus
410 1759 505 1812 vero
547 1729 750 1810 interdum
790 1728 1015 1806 funiculum
1064 1729 1291 1820 ostendunt,

264 1849 329 1926 cui
360 1873 497 1926 semen
531 1847 730 1944 alligatum
763 1859 829 1922 est.
885 1843 1013 1920 Facile
1044 1842 1292 1943 distinguun-

264 1978 330 2039 tur
355 1989 375 2039 a
400 1961 568 2050 semine,
600 1959 631 2036 si
657 1961 697 2035 in
723 1959 837 2062 plura
862 1957 1126 2036 loculamenta
1161 1960 1291 2049 divisa,

266 2076 320 2153 ob
353 2075 516 2178 diplodn
549 2075 648 2152 circa
684 2070 767 2148 duo
801 2071 962 2174 plurave
988 2072 1107 2148 simul
1131 2074 1293 2152 indura-

265 2203 363 2279 tam,
395 2205 463 2267 aut
494 2187 526 2266 si
553 2188 704 2264 semina
729 2200 869 2263 testam
893 2187 1042 2263 habent
1067 2187 1292 2275 coloratam,

266 2305 373 2406 ipsae
397 2329 491 2380 vero
518 2301 724 2378 decolores
749 2313 851 2377 sunt.
899 2301 1101 2377 Habemus
1125 2302 1293 2403 pericar-

266 2417 330 2522 pia
349 2417 648 2520 di-polypyrena
666 2415 840 2514 (Gaertn.
857 2413 908 2492 de
926 2413 972 2489 fr.
992 2442 1029 2517 p.
1045 2416 1273 2513 LXXXVI.)
1358 2452 1360 2457 ·

363 2533 410 2616 In
443 2529 737 2610 Cucurbitaceis
768 2527 885 2603 variis
915 2527 1037 2604 loculi
1070 2528 1193 2631 spurii
1231 2553 1292 2607 re-

267 2642 485 2745 periuntur.
540 2647 588 2724 In
619 2641 908 2739 Colocynthide
944 2643 1173 2744 praesertim
1209 2668 1292 2718 ma-

268 2753 398 2838 nifesti
430 2773 539 2848 sunt,
572 2757 726 2856 magni,
750 2754 983 2854 irregulares
1007 2779 1143 2831 versus
1168 2755 1316 2857 parie»

267 2885 325 2947 tes
349 2869 500 2951 fmctus
523 2872 660 2974 positi,
685 2868 836 2946 semina
863 2869 1107 2946 continentes
1132 2869 1175 2943 in
1206 2870 1291 2970 qui-

268 2985 344 3061 bus
377 2982 462 3062 duo
493 2999 648 3060 tantum
672 2983 941 3085 integumenta
966 2981 1100 3070 video,
1127 2985 1292 3059 exterius

268 3122 444 3182 crassum
494 3113 533 3175 et
581 3099 748 3188 durum,
803 3098 968 3172 interius
1021 3095 1292 3172 tenuissimam

268 3213 559 3301 membranam,
596 3215 629 3290 si
661 3213 826 3314 excipias
858 3211 1048 3287 extimum
1075 3207 1292 3286 ‘indumen-

269 3337 356 3400 tum
396 3326 624 3431 pulposum.
696 3331 744 3406 In
786 3325 996 3404 cucurbita
1036 3349 1131 3400 vero
1172 3323 1291 3400 loculi

269 3437 393 3540 spurii
433 3439 476 3514 in
516 3439 678 3517 seminis
717 3441 1037 3538 integumentum
1083 3440 1292 3541 proprium

269 3553 468 3630 transiisse
491 3553 685 3642 videntur,
713 3554 824 3654 quasi
850 3553 1128 3643 bivalvaceum,
1147 3555 1293 3658 quippe

270 3667 383 3771 quod
407 3667 584 3766 margine
609 3667 768 3754 tumido
793 3681 928 3744 sutura
947 3667 1129 3744 distincto
1149 3694 1293 3745 nexum

271 3781 441 3858 duarum
466 3784 791 3860 membranarum
815 3780 989 3858 indicare
1013 3781 1179 3859 videtur.
1218 3786 1293 3862 Gu-

270 3895 509 3976 curbitaceas
550 3895 696 3972 habere
733 3895 887 3971 loculos
925 3897 1081 3996 spurios
1122 3897 1293 3976 Richard

270 4009 363 4104 (An,
398 4007 434 4084 d.
467 4007 512 4084 fr.
546 4037 582 4111 p.
610 4008 689 4107 16.)
714 4006 898 4088 brevibus
922 4009 1085 4100 indicat,
1117 4012 1293 4087 Trevira-

270 4145 346 4197 nus
362 4147 455 4199 vero
475 4123 536 4222 (V.
554 4122 591 4200 d.
606 4123 905 4222 Eutwickelung
921 4123 957 4200 d.
973 4126 1148 4224 Embryo
1166 4151 1203 4227 p.
1219 4125 1291 4223 66.)
