2852 4872
565 381 759 460 noma
1104 386 1176 462 tet

147 592 221 656 tur.
270 579 475 678 Elegantes
502 581 649 662 dehac
676 579 904 660 evolutione
934 579 1173 661 observatio·
1217 607 1220 624 ·

147 703 217 768 n'es
254 694 440 771 indicavit
475 698 667 800 Malpighi
701 698 832 796 (Anat
863 695 914 797 pl.
948 693 999 771 de
1028 717 1173 800 gemm·

144 806 217 884 Ed.
242 809 365 908 Lugd.
390 837 427 912 p.
453 813 546 909 ta).
850 821 852 828 '

243 925 348 1002 Cum
379 925 525 1003 solium
556 926 762 1004 evolutum
794 924 930 1010 fuerit,
963 922 1056 1002 alias
1089 949 1174 1004 nou

144 1036 252 1115 subit
274 1039 523 1126 mutationes,
542 1039 672 1116 donec
695 1038 898 1119 dilabatur.
949 1042 1057 1116 Tum
1074 1065 1175 1142 quo·

146 1176 226 1252 que
259 1152 315 1230 nil
345 1153 421 1228 nisi
459 1154 637 1231 colorem
673 1167 820 1239 mutat;
856 1153 987 1229 forma
1025 1153 1174 1257 absque

75 1361 79 1368 ι
143 1266 365 1342 mutatione
408 1281 552 1370 perstat
595 1291 725 1370 usque
767 1267 818 1345 ad
862 1267 1173 1347 exsiccationem.
1203 1316 1212 1326 -

142 1380 336 1456 Accrescit
358 1375 491 1456 tamen
515 1381 559 1456 in
583 1380 764 1458 bulbosis
781 1380 927 1458 folium
944 1381 1070 1480 magis
1090 1409 1173 1460 ver·

144 1517 209 1568 sus
239 1493 368 1581 basin,
399 1519 521 1596 quam
553 1518 689 1570 versus
719 1496 873 1598 apicem
907 1497 996 1594 (Du
1033 1499 1173 1574 Hamel

142 1606 254 1715 Phys.
281 1605 317 1680 d.
344 1609 445 1688 arhr.
473 1607 515 1684 L.
540 1611 574 1684 2.
600 1609 660 1684 ch.
685 1612 720 1685 2.
745 1623 811 1684 art.
837 1609 897 1706 6.)
922 1621 969 1684 ut
991 1609 1034 1684 in
1061 1611 1172 1690 caule

143 1734 181 1796 et
203 1719 336 1797 radice
361 1722 617 1798 observamus
641 1723 848 1824 inaequale
872 1725 1169 1802 incrementur.'

238 1838 285 1910 In
316 1857 472 1932 gemma
492 1834 600 1913 lolia
625 1831 740 1912 variis
765 1835 900 1912 modis
923 1836 1100 1915 involuta
1128 1865 1171 1916 ac

142 1948 355 2025 convoluta
380 1951 489 2034 sunt;
516 1950 788 2050 explanatione
813 1950 932 2048 igitur
955 1949 1008 2026 ad
1026 1965 1171 2030 statum

141 2060 323 2138 adultum
348 2064 594 2162 perveniunt
635 2057 638 2071 '
1090 2121 1093 2130 .

237 2177 425 2265 Mutatio,
468 2203 546 2280 qua
590 2174 769 2254 fasciculi
815 2176 959 2276 lignosi
1012 2203 1172 2258 concre-

141 2304 270 2378 scunt,
304 2315 352 2366 eo
386 2306 569 2395 tempore
608 2290 768 2390 jamjam
799 2290 886 2366 fieri
927 2289 1046 2379 solet,
1087 2317 1170 2394 quo

139 2404 311 2507 petiolus
344 2406 517 2504 emergit.
574 2410 672 2483 Post
708 2404 979 2481 evolutionem
1018 2405 1171 2484 nullam

140 2520 259 2618 igitur
282 2519 390 2596 subit
413 2519 560 2596 folium
584 2520 860 2596 mutationem.

163 2721 166 2728 ‚
235 2639 329 2710 Non
353 2633 679 2736 reproducuntui
701 2630 807 2720 folia,
825 2655 898 2706 nec
920 2655 1064 2709 eorum
1080 2657 1169 2734 par-

138 2763 197 2822 tes
221 2747 492 2835 restituuntur,
522 2771 595 2824 nec
619 2746 782 2822 vulnera
807 2745 902 2848 ipsis
926 2760 1084 2834 nocent,
1109 2747 1169 2826 uti

138 2860 276 2936 multis
307 2861 585 2962 expen’mentis
614 2859 800 2960 probavit
816 2853 1014 2936 'Senebie'r
1044 2860 1169 2958 (Phy-

139 2975 225 3052 siol.
250 2988 371 3072 vegei.
398 2979 442 3051 T.
468 2979 500 3050 1.
525 3001 563 3075 p.
589 2972 708 3070 427.)

140 3191 241 3282 116.
304 3189 446 3281 Folia
484 3215 657 3279 versus
681 3191 881 3296 *medium
913 3193 1049 3278 caulis
1072 3221 1169 3278 mo·

198 3365 368 3420 annum
401 3329 603 3419 :habent
638 3333 997 3448 explicationem
1021 3291 1169 3416 unitus

199 3453 426 3590 explicata
455 3481 573 3558 sunt
602 3471 841 3570 seminalia,
875 3479 925 3557 et
956 3467 1168 3586 quaesto·

199 3611 320 3698 ribus
351 3615 774 3728 appropinquantur.

143 3831 148 3840 ·
232 3778 343 3856 Folia
368 3778 579 3854 seminalia
604 3803 635 3854 e
657 3775 970 3874 cotyledonibus
995 3771 1167 3852 oriunda

137 3892 298 3967 nonnisi
330 3893 372 3966 in
404 3891 728 3988 Dicotyledoneis
761 3891 894 3978 obvia,
921 3889 1166 3990 ,plerumque

136 4005 262 4082 ovalia
289 4020 398 4094 sunt,
424 4005 599 4104 oblonga
626 4021 693 4082 aut
711 4005 943 4091 lanceolata,
956 3999 1167 4078 intendum

135 4118 298 4198 cordata
324 4134 362 4195 et
387 4121 643 4218 emarginata,
673 4118 799 4196 rarius
824 4115 1015 4266 bipattita.
1055 4114 1170 4192 ‚Alias

241 4257 247 4269 ·
667 4266 670 4271 ·
788 4235 835 4310 13
