2836 4878
514 369 805 451 tuncrus.
1040 357 1043 364 ’
1101 375 1176 451 325

145 585 274 674 partes
306 566 507 673 oppositas
538 567 780 657 dividendo,
817 563 918 643 dum
942 567 1046 646 inter
1069 572 1173 674 ipsas

104 703 108 710 ·
146 684 319 762 decurrit
341 685 575 770 membrana
601 682 747 784 duplex
772 681 1070 780 (Verhascum).

145 873 149 880 .
239 799 514 876 Loculamenta
557 796 652 878 inde
701 791 886 874 oriuntur
927 809 966 872 et
1006 796 1201 897 quidem'

144 912 358 1014 completa,
399 913 430 988 si
471 912 748 1013 dissepimenta
783 909 978 1010 completa
1015 908 1172 1002 suerint,

143 1040 212 1104 aut
242 1026 481 1128 incompleta
514 1039 552 1100 et
584 1023 795 1124 parietalia‚
828 1024 860 1097 si
893 1021 1172 1124 dissepimenta

142 1140 383 1245 incompleta
409 1153 447 1215 et
478 1136 693 1238 parietalia,
720 1150 788 1212 aut
811 1135 969 1224 hiantia,
994 1137 1027 1213 si
1052 1138 1171 1214 inter-

50 1305 55 1320 ·
143 1269 259 1356 rupta
285 1268 353 1330 aut
375 1249 572 1352 perforata
597 1264 691 1326 sunt
715 1249 1005 1351 dissepimenta.

238 1370 352 1468 Septa
384 1379 600 1442 transversa
632 1363 752 1440 simili
790 1361 918 1440 modo
954 1379 1172 1442 nascuntur

139 1503 184 1554 ac
226 1477 505 1580 dissepimenta
549 1477 863 1576 longitudinalia.
936 1479 1168 1561 Membrana

137 1591 275 1667 intima
301 1591 509 1668 lateraliter
532 1589 747 1666 reflectitur
771 1605 810 1667 et
835 1589 999 1692 diploiu
1023 1589 1168 1691 peridii

135 1706 344 1807 intercipit
407 1704 581 1780 Solvitur
611 1705 877 1806 pericarpium
908 1705 950 1778 in
982 1703 1168 1780 articulos

139 1818 285 1896 eodem
302 1816 440 1904 modu,
458 1843 540 1918 quo
568 1816 619 1892 ad
643 1831 751 1917 septa
774 1817 1004 1914 marginalia
1027 1816 1167 1892 dividi-

138 1946 213 2039 tur.
253 1935 301 2008 In
325 1931 601 2029 Leguminosis
617 1944 725 2032 septa
743 1944 898 2008 tantum
917 1943 1159 2011 occurrunt

235 2049 404 2120 Fructus
436 2045 600 2145 simplex
632 2069 653 2119 a
677 2044 887 2148 multiplici
912 2044 1166 2144 distinguitur

137 2160 170 2236 si
198 2158 361 2289 diploen
395 2159 578 2236 observas
603 2157 707 2234 inter
736 2157 863 2234 valvas
896 2183 993 2260 quas
1028 2159 1166 2233 dicunt

137 2272 315 2370 margine
339 2270 564 2346 introssexas
591 2270 867 2348 decurrentem
891 2271 1053 2374 quaein
1071 2270 1165 2346 sim-

136 2384 228 2488 plici
255 2382 415 2468 adest,
404 2407 447 2457 m
472 2365 680 2485 multiplici
707 2383 825 2460 deest.

234 2495 466 2575 Secundum
483 2521 700 2572 numerum
716 2495 1079 2574 loculamentomm
1104 2497 1162 2572 di:
1199 2534 1206 2562 >

137 2626 281 2688 cuntur
304 2609 518 2712 pericarpia
542 2610 915 2686 bi-multilocularia.
971 2609 1161 2690 Unilocu-

136 2727 217 2802 lare
248 2725 366 2822 vulgo
402 2723 568 2812 dicitur,
594 2723 709 2824 quod
737 2723 846 2798 nulla
870 2723 990 2798 habet
1013 2722 1167 2799 locula-'

41 2877 50 2884 ·
106 2853 284 2925 menta,
316 2863 389 2914 nec
422 2852 539 2936 septa.
593 2836 739 2913 Videre
769 2837 862 2914 licet
892 2838 935 2911 in
967 2835 1160 2937 Asclepia-

58 2943 62 2953 ’
137 2953 305 3030 dearum
353 2951 579 3053 pericarpiis
634 2947 853 3048 majoribus
903 2963 941 3026 et
995 2949 1160 3050 quidem

135 3065 357 3142 immaturis
404 3065 704 3169 sporophorum
759 3061 1004 3139 subcentrale
1065 3087 1158 3137 vero

136 3180 418 3281 dissepimento
445 3203 538 3254 cum
546 3177 729 3278 peridio·
751 3175 1018 3276 conjunctum.
1071 3176 1159 3262 Dis·‚

134 3294 425 3423 sepimentum
431 3291 556 3368 hocce
589 3317 612 3368 e
647 3291 893 3390 marginibus
924 3289 1110 3392 peridii
1097 3316 1158 3402 ¹¹¹ss

132 3405 306 3486 troilexis
332 3405 428 3482 oriri
452 3403 617 3493 videtur,
634 3405 864 3505 praesertim
882 3429 974 3480 cum
984 3405 1158 3515 pericar

132 3523 247 3623 pium
277 3511 547 3608 maturaverit,
581 3532 619 3593 et
651 3517 950 3620 sporophorum
977 3519 1088 3648 quasi
1112 3517 1158 3592 li-

132 3635 276 3710 berum
302 3645 491 3734 appareat
545 3633 595 3708 At
618 3656 681 3706 res
706 3656 790 3708 sese
813 3631 941 3720 habet,
963 3631 1022 3708 uti
1039 3655 1156 3731 supra

135 3746 185 3822 de
216 3745 461 3844 marginibus
494 3745 739 3822 valvularum
762 3745 978 3822 introssexis
1005 3745 1155 3821 dictum

119 3875 200 3940 ‘est
255 3859 467 3978 Ejusmodi
496 3859 712 3962 pericarpia
748 3860 1008 3937 uuilocularia
1041 3884 1154 3934 voca·
1239 3877 1243 3884 ’
1376 3900 1379 3914 ·

133 3975 273 4062 verim,
299 3989 338 4049 et
348 3997 463 4074 quae
452 3955 645 4050 nullum
669 3973 817 4084 habent
841 3973 1055 4082 vestigium
1078 3971 1162 4050 dis·

134 4086 360 4190 sepimenti,
386 4085 612 4164 elocularia.
1205 4107 1206 4110 ’
