2840 4878
561 352 747 430 roma
1093 353 1164 432 189

145 520 264 630 rioris
294 567 400 628 cutn
420 551 569 632 nervis·
580 565 615 634 e,
622 551 678 650 s
692 425 982 694 cpidermidem
1001 551 1166 720 paginae

146 665 401 769 superioris.
474 669 490 740 ὲ.
599 731 602 740 ι
837 705 839 710 -

185 778 379 856 P·aullo
391 777 507 854 aliter
520 789 790 864 constructum
808 789 865 856 est
877 775 1026 854 solium
1044 778 1165 860 Com·
1149 821 1168 838 .,

144 891 315 968 melinae
351 890 376 966 f.
407 895 466 968 27.
515 889 668 967 Iudicat
698 919 725 965 a
749 889 1036 991 epidermldem
1060 891 1167 991 pagi

145 1023 228 1087 na'e-
257 1005 461 1088 interioris:
487 1017 702 1104 separatam
734 1017 866 1088 strato}
885 1004 1165 1106 parenchyrna

146 1120 196 1196 tis
230 1117 275 1206 b„
306 1145 326 1194 3
352 1119 540 1194 corticeo
563 1117 605 1190 ln
631 1135 722 1216 quo'
739 1119 848 1194 nervi
867 1120 903 1194 'd
926 1115 1168 1210 animadver-

81 1267 84 1271 ·
146 1246 297 1308 suntun-
350 1230 530 1310 Medium
562 1243 729 1330 occupat
760 1229 896 1331 diploie
921 1253 1168 1332 aquampe-

146 1346 283 1447 quitur
307 1343 517 1446 epidermis
541 1344 706 1444 paginae
731 1346 947 1445 superioris
958 1349 999 1448 f.
1126 1369 1146 1400 ‘³

241 1457 464 1558 Epidermis
498 1465 704 1534 constat‘e
736 1457 885 1536 cellulis
913 1457 1168 1559 quadrangu

144 1572 303 1660 laribus,
331 1568 740 1671 quinquangularibus
758 1585 825 1646 aut
840 1572 1167 1670 sexangularibus.

147 1683 489 1781 Quadrangulares
510 1684 564 1759 in
596 1682 702 1760 foliis
721 1679 935 1780 gramineis
959 1685 1169 1763 similibus·-

146 1823 228 1900 que
266 1796 489 1880 secundum
525 1794 612 1872 folii
632 1796 940 1892 ‘longitudinem
961 1798 1018 1882 *in
1050 1801 1169 1880 series

147 1907 377 1990 distributae
395 1924 591 2010 apparent,
609 1908 966 2009 quinquangulares
984 1923 1023 1986 et
1038 1899 1170 1986 sexana

146 2024 300 2122 gulares
337 2047 423 2100 non
464 2023 526 2098 ita.
586 2023 755 2099 Parietes
793 2019 1021 2098 cellularum
1054 2049 1169 2124 saepe

146 2137 312 2222 flexuosi
327 2161 331 2168 ·
346 2149 534 2236 apparent
566 2151 604 2212 et
627 2161 715 2212 vasa
724 2125 729 2182 ἶ
740 2137 932 2235 serpentia
957 2137 1170 2224 imitantur,

91 2257 95 2284 '¹
146 2249 260 2350 quod
300 2273 410 2338 vern,
450 2248 550 2326 dum
591 2247 808 2326 detrahitur
849 2247 1078 2348 epidermis‚
1121 2251 1169 2346 alp

147 2368 238 2440 aere
262 2363 472 2440 exsiccante
495 2361 740 2463 productum
757 2360 928 2455 videtur„
959 2361 1036 2440 Cfr.
1057 2361 1169 2452 infra.

146 2474 370 2576 Epidermis
401 2475 444 2553 in
475 2473 666 2554 foliorum
698 2475 839 2576 pagina
867 2474 1056 2555 inferiore
1079 2476 1171 2554 faci-

147 2588 243 2668 lius
240 2589 490 2680 detrahitur,
524 2615 646 2692 quarn
676 2589 720 2666 in
753 2589 974 2688 superiore,
997 2589 1053 2668 ob
1079 2589 1171 2675 lari.-

147 2715 285 2790 tatem
308 2727 420 2776 nam
428 2716 618 2783 structura
644 2725 727 2796 non
746 2700 899 2797 differt
1003 2733 1005 2738 ·
1099 2767 1118 2796 ..
1153 2777 1158 2784 .

244 2819 291 2892 In
323 2813 428 2891 soliis
465 2815 706 2916 quibusdam
735 2814 979 2912 succulentis
1014 2829 1170 2908 tanturn

148 2909 314 3004 stratum
337 2927 444 3004 istud
468 2927 491 3004 b
515 2926 541 3002 f.
565 2931 623 3005 27.
648 2941 822 3028 apparet,
847 2952 929 3028 quo
956 2927 1167 3028 epidermis
1262 2947 1264 2952 ·

150 3042 354 3120 acortice
366 3054 575 3160 separatur
694 3075 699 3082 ·
770 3111 772 3118 .

247 3157 390 3246 Gortex
422 3153 680 3256 componitur
712 3129 908 3252 ecellulis
928 3121 1169 3262 plerumque

150 3243 325 3369 globosis
359 3266 485 3366 dense
511 3268 723 3366 aggregatis
752 3269 957 3370 pigmento
992 3267 1171 3368 vindict

151 3381 315 3483 quidem
340 3357 696 3482 ιιιιιιιιιιιιιιιιιιίι.
745 3385 792 3460 Ιιι
817 3352 1170 3481 foliissicciorilipi

150 3508 189 3588 at
217 3495 352 3574 colore
386 3497 554 3592 obscure
571 3490 708 3594 ..viridi
737 3495 967 3597 insignitius
1005 3508 1170 3591 stratum

150 3609 304 3690 corticis
330 3611 492 3706 crassius
518 3623 576 3686 est
598 3604 803 3710 magisque
828 3634 859 3684 a·
875 3609 1046 3726 diploe
1028 3607 1169 3691 distrea

119 3785 122 3792 .
150 3735 255 3809 tum
294 3725 337 3799 in
374 3722 608 3801 succulentis
638 3747 733 3799 vero
766 3720 873 3798 foliis
899 3737 1048 3820 cortex
1044 3743 1169 3822 saepe

153 3832 302 3928 deficit
347 3851 414 3925 aut
447 3862 507 3932 ιιι
538 3836 728 3936 alterutra
756 3836 913 3948 pagina
950 3837 1008 3912 uti
1045 3832 1071 3909 s.
1111 3837 1221 3910 27.

152 3961 239 4032 aut
241 3949 288 4027 iu
309 3963 505 4050 utraque,
524 3946 710 4048 quod'-111
720 3945 841 4052 foliis
860 3952 924 4050 Go
926 3946 1169 4048 tyledonum,

151 4062 424 4160 Crassularunr
434 4076 531 4182 etc
541 4083 698 4162 cernere
722 4059 875 4163 licet
