<?xml version="1.0" encoding="UTF-8"?>
<!DOCTYPE html PUBLIC "-//W3C//DTD XHTML 1.0 Transitional//EN"
    "http://www.w3.org/TR/xhtml1/DTD/xhtml1-transitional.dtd">
<html xmlns="http://www.w3.org/1999/xhtml" xml:lang="en" lang="en">
 <head>
  <title>
</title>
<meta http-equiv="Content-Type" content="text/html;charset=utf-8" />
  <meta name='ocr-system' content='tesseract 3.04.00' />
  <meta name='ocr-capabilities' content='ocr_page ocr_carea ocr_par ocr_line ocrx_word'/>
</head>
<body>
  <div class='ocr_page' id='page_1' title='image "./elementaphiloso00linkgoog_0142.png"; bbox 0 0 2840 4878; ppageno 0'>
   <div class='ocr_carea' id='block_1_1' title="bbox 536 329 1209 454">
    <p class='ocr_par' dir='ltr' id='par_1_1' title="bbox 536 329 1209 454">
     <span class='ocr_line' id='line_1_1' title="bbox 536 329 1209 454; baseline -0.016 -1"><span class='ocrx_word' id='word_1_1' title='bbox 536 329 767 454; x_wconf 66' lang='lat' dir='ltr'><strong>nanan-</strong></span> <span class='ocrx_word' id='word_1_2' title='bbox 1097 379 1169 454; x_wconf 82' lang='lat' dir='ltr'><strong>ras</strong></span> <span class='ocrx_word' id='word_1_3' title='bbox 1204 429 1209 442; x_wconf 92' lang='lat'><strong>.</strong></span> 
     </span>
    </p>
   </div>
   <div class='ocr_carea' id='block_1_2' title="bbox 88 568 1168 2380">
    <p class='ocr_par' dir='ltr' id='par_1_2' title="bbox 129 568 1168 1018">
     <span class='ocr_line' id='line_1_2' title="bbox 239 568 1168 660; baseline -0.003 -8"><span class='ocrx_word' id='word_1_4' title='bbox 239 573 346 652; x_wconf 86' lang='lat' dir='ltr'><strong>Cum</strong></span> <span class='ocrx_word' id='word_1_5' title='bbox 370 570 491 652; x_wconf 86' lang='lat' dir='ltr'><strong>caulis</strong></span> <span class='ocrx_word' id='word_1_6' title='bbox 514 573 695 650; x_wconf 81' lang='lat' dir='ltr'><strong>increscit</strong></span> <span class='ocrx_word' id='word_1_7' title='bbox 719 572 835 650; x_wconf 91' lang='lat' dir='ltr'><strong>etiam</strong></span> <span class='ocrx_word' id='word_1_8' title='bbox 851 568 971 660; x_wconf 81' lang='lat' dir='ltr'><strong>radix,</strong></span> <span class='ocrx_word' id='word_1_9' title='bbox 987 572 1168 649; x_wconf 78' lang='lat' dir='ltr'><strong>increscit</strong></span> 
     </span>
     <span class='ocr_line' id='line_1_3' title="bbox 132 685 1165 789; baseline 0.003 -29"><span class='ocrx_word' id='word_1_10' title='bbox 132 697 175 760; x_wconf 89' lang='lat' dir='ltr'><strong>et</strong></span> <span class='ocrx_word' id='word_1_11' title='bbox 202 686 437 784; x_wconf 25' lang='lat' dir='ltr'><strong>viceffversa,</strong></span> <span class='ocrx_word' id='word_1_12' title='bbox 463 687 700 789; x_wconf 79' lang='lat' dir='ltr'><strong>experientia</strong></span> <span class='ocrx_word' id='word_1_13' title='bbox 724 701 829 764; x_wconf 89' lang='lat' dir='ltr'><strong>teste.</strong></span> <span class='ocrx_word' id='word_1_14' title='bbox 884 689 935 765; x_wconf 83' lang='lat' dir='ltr'><strong>At</strong></span> <span class='ocrx_word' id='word_1_15' title='bbox 955 685 1082 762; x_wconf 88' lang='lat' dir='ltr'><strong>modo</strong></span> <span class='ocrx_word' id='word_1_16' title='bbox 1107 685 1165 763; x_wconf 91' lang='lat' dir='ltr'><strong>di-</strong></span> 
     </span>
     <span class='ocr_line' id='line_1_4' title="bbox 129 796 1165 905; baseline 0.005 -35"><span class='ocrx_word' id='word_1_17' title='bbox 129 821 256 876; x_wconf 79' lang='lat' dir='ltr'><strong>verso</strong></span> <span class='ocrx_word' id='word_1_18' title='bbox 289 815 328 876; x_wconf 91' lang='lat' dir='ltr'><strong>et</strong></span> <span class='ocrx_word' id='word_1_19' title='bbox 360 801 525 904; x_wconf 89' lang='lat' dir='ltr'><strong>quidem</strong></span> <span class='ocrx_word' id='word_1_20' title='bbox 559 801 743 905; x_wconf 86' lang='lat' dir='ltr'><strong>opposito</strong></span> <span class='ocrx_word' id='word_1_21' title='bbox 780 801 1019 887; x_wconf 86' lang='lat' dir='ltr'><strong>increscunt,</strong></span> <span class='ocrx_word' id='word_1_22' title='bbox 1054 796 1165 875; x_wconf 88' lang='lat' dir='ltr'><strong>unde</strong></span> 
     </span>
     <span class='ocr_line' id='line_1_5' title="bbox 129 913 971 1018; baseline 0.002 -30"><span class='ocrx_word' id='word_1_23' title='bbox 129 913 390 1012; x_wconf 87' lang='lat' dir='ltr'><strong>polaritatem</strong></span> <span class='ocrx_word' id='word_1_24' title='bbox 414 913 537 992; x_wconf 89' lang='lat' dir='ltr'><strong>radici</strong></span> <span class='ocrx_word' id='word_1_25' title='bbox 562 917 736 1002; x_wconf 85' lang='lat' dir='ltr'><strong>tribuere</strong></span> <span class='ocrx_word' id='word_1_26' title='bbox 759 913 917 1018; x_wconf 84' lang='lat' dir='ltr'><strong>poteris.</strong></span> <span class='ocrx_word' id='word_1_27' title='bbox 967 989 971 998; x_wconf 85' lang='grc'>,</span> 
     </span>
    </p>

    <p class='ocr_par' dir='ltr' id='par_1_3' title="bbox 88 1023 1162 2026">
     <span class='ocr_line' id='line_1_6' title="bbox 238 1023 1162 1130; baseline -0.003 -27"><span class='ocrx_word' id='word_1_28' title='bbox 238 1028 392 1104; x_wconf 81' lang='lat' dir='ltr'><strong>Plantas</strong></span> <span class='ocrx_word' id='word_1_29' title='bbox 417 1053 565 1118; x_wconf 77' lang='lat' dir='ltr'><strong>cacare,</strong></span> <span class='ocrx_word' id='word_1_30' title='bbox 590 1029 709 1130; x_wconf 66' lang='lat' dir='ltr'><strong>guttis</strong></span> <span class='ocrx_word' id='word_1_31' title='bbox 734 1053 779 1104; x_wconf 86' lang='lat' dir='ltr'><strong>ex</strong></span> <span class='ocrx_word' id='word_1_32' title='bbox 810 1028 986 1130; x_wconf 86' lang='lat' dir='ltr'><strong>apicibus</strong></span> <span class='ocrx_word' id='word_1_33' title='bbox 1011 1023 1162 1101; x_wconf 88' lang='lat' dir='ltr'><strong>emissis</strong></span> 
     </span>
     <span class='ocr_line' id='line_1_7' title="bbox 127 1138 1162 1240; baseline -0.002 -25"><span class='ocrx_word' id='word_1_34' title='bbox 127 1139 360 1239; x_wconf 83' lang='lat' dir='ltr'><strong>Brugmans</strong></span> <span class='ocrx_word' id='word_1_35' title='bbox 399 1151 625 1218; x_wconf 83' lang='lat' dir='ltr'><strong>auctorest</strong></span> <span class='ocrx_word' id='word_1_36' title='bbox 658 1142 843 1240; x_wconf 86' lang='lat' dir='ltr'><strong>(Conlon</strong></span> <span class='ocrx_word' id='word_1_37' title='bbox 873 1142 972 1218; x_wconf 89' lang='lat' dir='ltr'><strong>Diss.</strong></span> <span class='ocrx_word' id='word_1_38' title='bbox 1005 1138 1055 1214; x_wconf 89' lang='lat' dir='ltr'><strong>de</strong></span> <span class='ocrx_word' id='word_1_39' title='bbox 1086 1141 1162 1213; x_wconf 89' lang='lat' dir='ltr'><strong>Lo-</strong></span> 
     </span>
     <span class='ocr_line' id='line_1_8' title="bbox 127 1249 1160 1357; baseline -0.001 -31"><span class='ocrx_word' id='word_1_40' title='bbox 127 1251 205 1328; x_wconf 90' lang='lat' dir='ltr'><strong>lio.</strong></span> <span class='ocrx_word' id='word_1_41' title='bbox 244 1253 374 1352; x_wconf 79' lang='lat' dir='ltr'><strong>Ultraj.</strong></span> <span class='ocrx_word' id='word_1_42' title='bbox 401 1255 540 1352; x_wconf 71' lang='lat' dir='ltr'><strong>lass).</strong></span> <span class='ocrx_word' id='word_1_43' title='bbox 591 1257 738 1344; x_wconf 84' lang='lat' dir='ltr'><strong>Contra</strong></span> <span class='ocrx_word' id='word_1_44' title='bbox 762 1256 871 1331; x_wconf 73' lang='lat' dir='ltr'><strong>h‘une</strong></span> <span class='ocrx_word' id='word_1_45' title='bbox 888 1265 1039 1357; x_wconf 86' lang='lat' dir='ltr'><strong>pugnat</strong></span> <span class='ocrx_word' id='word_1_46' title='bbox 1053 1249 1160 1328; x_wconf 85' lang='lat' dir='ltr'><strong>Hed-</strong></span> 
     </span>
     <span class='ocr_line' id='line_1_9' title="bbox 126 1366 1159 1470; baseline -0.001 -29"><span class='ocrx_word' id='word_1_47' title='bbox 126 1367 278 1464; x_wconf 84' lang='lat' dir='ltr'><strong>wigius</strong></span> <span class='ocrx_word' id='word_1_48' title='bbox 303 1369 368 1466; x_wconf 88' lang='grc' dir='ltr'><strong>(Α.</strong></span> <span class='ocrx_word' id='word_1_49' title='bbox 395 1395 426 1442; x_wconf 83' lang='lat' dir='ltr'><strong>v.</strong></span> <span class='ocrx_word' id='word_1_50' title='bbox 448 1368 674 1444; x_wconf 88' lang='lat' dir='ltr'><strong>Humboldt</strong></span> <span class='ocrx_word' id='word_1_51' title='bbox 688 1370 912 1470; x_wconf 86' lang='lat' dir='ltr'><strong>Aphorism.</strong></span> <span class='ocrx_word' id='word_1_52' title='bbox 929 1394 960 1444; x_wconf 88' lang='lat' dir='ltr'><strong>a.</strong></span> <span class='ocrx_word' id='word_1_53' title='bbox 979 1366 1015 1443; x_wconf 91' lang='lat' dir='ltr'><strong>d.</strong></span> <span class='ocrx_word' id='word_1_54' title='bbox 1034 1366 1159 1442; x_wconf 90' lang='lat' dir='ltr'><strong>chem.</strong></span> 
     </span>
     <span class='ocr_line' id='line_1_10' title="bbox 125 1479 1157 1588; baseline 0 -34"><span class='ocrx_word' id='word_1_55' title='bbox 125 1479 306 1588; x_wconf 74' lang='lat' dir='ltr'><strong>Physioi.</strong></span> <span class='ocrx_word' id='word_1_56' title='bbox 338 1481 375 1558; x_wconf 87' lang='lat' dir='ltr'><strong>d.</strong></span> <span class='ocrx_word' id='word_1_57' title='bbox 406 1481 592 1559; x_wconf 86' lang='lat' dir='ltr'><strong>Pssanzen</strong></span> <span class='ocrx_word' id='word_1_58' title='bbox 624 1511 662 1586; x_wconf 91' lang='lat' dir='ltr'><strong>p.</strong></span> <span class='ocrx_word' id='word_1_59' title='bbox 695 1483 812 1580; x_wconf 72' lang='lat' dir='ltr'><strong>lat).</strong></span> <span class='ocrx_word' id='word_1_60' title='bbox 864 1487 964 1578; x_wconf 77' lang='lat' dir='ltr'><strong>Sane</strong></span> <span class='ocrx_word' id='word_1_61' title='bbox 990 1480 1157 1578; x_wconf 81' lang='lat' dir='ltr'><strong>excretin</strong></span> 
     </span>
     <span class='ocr_line' id='line_1_11' title="bbox 126 1593 1158 1678; baseline 0 -10"><span class='ocrx_word' id='word_1_62' title='bbox 126 1595 325 1670; x_wconf 90' lang='lat' dir='ltr'><strong>morbosa</strong></span> <span class='ocrx_word' id='word_1_63' title='bbox 355 1593 520 1671; x_wconf 85' lang='lat' dir='ltr'><strong>videtur.</strong></span> <span class='ocrx_word' id='word_1_64' title='bbox 579 1598 752 1674; x_wconf 83' lang='lat' dir='ltr'><strong>Granula</strong></span> <span class='ocrx_word' id='word_1_65' title='bbox 788 1596 914 1673; x_wconf 90' lang='lat' dir='ltr'><strong>sabuli</strong></span> <span class='ocrx_word' id='word_1_66' title='bbox 947 1593 1158 1678; x_wconf 80' lang='lat' dir='ltr'><strong>adhaerere</strong></span> 
     </span>
     <span class='ocr_line' id='line_1_12' title="bbox 88 1705 1155 1796; baseline 0.001 -16"><span class='ocrx_word' id='word_1_67' title='bbox 88 1743 91 1748; x_wconf 96' lang='lat'>·</span> <span class='ocrx_word' id='word_1_68' title='bbox 125 1707 298 1783; x_wconf 88' lang='lat' dir='ltr'><strong>ramulis</strong></span> <span class='ocrx_word' id='word_1_69' title='bbox 331 1721 369 1783; x_wconf 89' lang='lat' dir='ltr'><strong>et</strong></span> <span class='ocrx_word' id='word_1_70' title='bbox 397 1705 551 1784; x_wconf 77' lang='lat' dir='ltr'><strong>sabaillis</strong></span> <span class='ocrx_word' id='word_1_71' title='bbox 581 1708 726 1786; x_wconf 89' lang='lat' dir='ltr'><strong>radicis·</strong></span> <span class='ocrx_word' id='word_1_72' title='bbox 752 1735 836 1786; x_wconf 92' lang='lat' dir='ltr'><strong>non</strong></span> <span class='ocrx_word' id='word_1_73' title='bbox 860 1709 1028 1796; x_wconf 83' lang='lat' dir='ltr'><strong>mirum,</strong></span> <span class='ocrx_word' id='word_1_74' title='bbox 1062 1731 1155 1782; x_wconf 91' lang='lat' dir='ltr'><strong>cum</strong></span> 
     </span>
     <span class='ocr_line' id='line_1_13' title="bbox 126 1817 1154 1923; baseline -0.002 -27"><span class='ocrx_word' id='word_1_75' title='bbox 126 1819 362 1920; x_wconf 87' lang='lat' dir='ltr'><strong>superficies</strong></span> <span class='ocrx_word' id='word_1_76' title='bbox 398 1820 623 1923; x_wconf 87' lang='lat' dir='ltr'><strong>plantarum</strong></span> <span class='ocrx_word' id='word_1_77' title='bbox 652 1825 706 1900; x_wconf 89' lang='lat' dir='ltr'><strong>oh</strong></span> <span class='ocrx_word' id='word_1_78' title='bbox 742 1825 959 1902; x_wconf 87' lang='lat' dir='ltr'><strong>humorem</strong></span> <span class='ocrx_word' id='word_1_79' title='bbox 992 1817 1154 1897; x_wconf 85' lang='lat' dir='ltr'><strong>exsuda-</strong></span> 
     </span>
     <span class='ocr_line' id='line_1_14' title="bbox 125 1935 676 2026; baseline -0.004 -15"><span class='ocrx_word' id='word_1_80' title='bbox 125 1947 221 2026; x_wconf 77' lang='lat' dir='ltr'><strong>tum</strong></span> <span class='ocrx_word' id='word_1_81' title='bbox 246 1961 336 2012; x_wconf 86' lang='lat' dir='ltr'><strong>raro</strong></span> <span class='ocrx_word' id='word_1_82' title='bbox 353 1935 461 2022; x_wconf 88' lang='lat' dir='ltr'><strong>¹sicca</strong></span> <span class='ocrx_word' id='word_1_83' title='bbox 487 1935 546 2010; x_wconf 88' lang='lat' dir='ltr'><strong>sit.</strong></span> <span class='ocrx_word' id='word_1_84' title='bbox 673 1949 676 1954; x_wconf 83' lang='grc'><em>“</em></span> 
     </span>
    </p>

    <p class='ocr_par' dir='ltr' id='par_1_4' title="bbox 119 2048 1153 2380">
     <span class='ocr_line' id='line_1_15' title="bbox 228 2048 1153 2150; baseline -0.004 -23"><span class='ocrx_word' id='word_1_85' title='bbox 228 2048 396 2127; x_wconf 85' lang='lat' dir='ltr'><strong>Radices</strong></span> <span class='ocrx_word' id='word_1_86' title='bbox 412 2050 645 2150; x_wconf 78' lang='lat' dir='ltr'><strong>transpicere</strong></span> <span class='ocrx_word' id='word_1_87' title='bbox 661 2064 823 2130; x_wconf 80' lang='lat' dir='ltr'><strong>testatur</strong></span> <span class='ocrx_word' id='word_1_88' title='bbox 839 2048 1033 2150; x_wconf 90' lang='lat' dir='ltr'><strong>collapsus</strong></span> <span class='ocrx_word' id='word_1_89' title='bbox 1046 2059 1153 2148; x_wconf 78' lang='lat' dir='ltr'><strong>post-</strong></span> 
     </span>
     <span class='ocr_line' id='line_1_16' title="bbox 123 2161 1151 2262; baseline -0.002 -26"><span class='ocrx_word' id='word_1_90' title='bbox 123 2185 253 2262; x_wconf 85' lang='lat' dir='ltr'><strong>quam</strong></span> <span class='ocrx_word' id='word_1_91' title='bbox 292 2187 336 2238; x_wconf 84' lang='lat' dir='ltr'><strong>ex</strong></span> <span class='ocrx_word' id='word_1_92' title='bbox 371 2161 500 2250; x_wconf 87' lang='lat' dir='ltr'><strong>humo</strong></span> <span class='ocrx_word' id='word_1_93' title='bbox 538 2177 711 2252; x_wconf 80' lang='lat' dir='ltr'><strong>exemtae</strong></span> <span class='ocrx_word' id='word_1_94' title='bbox 738 2164 903 2254; x_wconf 73' lang='lat' dir='ltr'><strong>fuerint</strong></span> <span class='ocrx_word' id='word_1_95' title='bbox 966 2164 1029 2238; x_wconf 87' lang='lat' dir='ltr'><strong>An</strong></span> <span class='ocrx_word' id='word_1_96' title='bbox 1057 2183 1151 2260; x_wconf 71' lang='lat' dir='ltr'><strong>vern</strong></span> 
     </span>
     <span class='ocr_line' id='line_1_17' title="bbox 119 2275 1090 2380; baseline -0.003 -29"><span class='ocrx_word' id='word_1_97' title='bbox 119 2275 206 2351; x_wconf 81' lang='lat' dir='ltr'><strong>sub</strong></span> <span class='ocrx_word' id='word_1_98' title='bbox 230 2289 332 2352; x_wconf 87' lang='lat' dir='ltr'><strong>terra</strong></span> <span class='ocrx_word' id='word_1_99' title='bbox 356 2276 399 2353; x_wconf 93' lang='lat' dir='ltr'><strong>id</strong></span> <span class='ocrx_word' id='word_1_100' title='bbox 424 2275 509 2366; x_wconf 80' lang='lat' dir='ltr'><strong>fiat,</strong></span> <span class='ocrx_word' id='word_1_101' title='bbox 533 2277 718 2356; x_wconf 89' lang='lat' dir='ltr'><strong>nondum</strong></span> <span class='ocrx_word' id='word_1_102' title='bbox 745 2275 999 2380; x_wconf 90' lang='lat' dir='ltr'><strong>disquisitum</strong></span> <span class='ocrx_word' id='word_1_103' title='bbox 1013 2285 1090 2364; x_wconf 21' lang='lat' dir='ltr'><strong>‘cst</strong></span> 
     </span>
    </p>
   </div>
   <div class='ocr_carea' id='block_1_3' title="bbox 0 0 1424 4878">
    <p class='ocr_par' dir='ltr' id='par_1_5' title="bbox 0 0 1424 4878">
     <span class='ocr_line' id='line_1_18' title="bbox 0 0 1424 4878; baseline 0 5"><span class='ocrx_word' id='word_1_104' title='bbox 0 0 1424 4878; x_wconf 95' lang='lat' dir='ltr'><strong> </strong></span> 
     </span>
    </p>
   </div>
  </div>
 </body>
</html>
