2836 4878
478 376 834 459 ruossano.
1055 321 1166 458 ¹sas
1212 424 1222 452 .

145 601 271 681 qum
300 577 558 656 observamus.
586 575 772 658 vasorum
797 577 1112 667 estimationem·
1126 591 1165 664 et
1211 609 1220 666 f

144 691 325 770 videmus
349 717 512 770 succum
537 693 579 770 in
605 692 731 772 chara
755 691 991 797 propulsum
1016 692 1165 797 absque

145 805 256 884 omni
287 805 540 897 tubulorum,
573 809 642 911 qui
667 809 741 894 hic¹
756 822 813 886 sat
835 806 969 904 magni
993 820 1100 920 sum,¹
1119 821 1171 884 ut-

11 935 13 950 ·
143 917 256 996 facile
281 919 454 1022 conspici
478 921 645 1022 possint,
672 919 1015 999 contractionibus.

239 1034 396 1112 Habent
426 1033 547 1132 igitur
568 1033 761 1110 butnores
786 1032 964 1134 corporis
989 1030 1163 1130 organici

142 1146 224 1222 rim
244 1147 494 1249 peculiarem
524 1145 808 1248 propulsivam,
841 1169 962 1247 quam
986 1141 1065 1243 iarn
1090 1142 1164 1222 du·

11 1335 14 1347 ,
143 1259 243 1336 dum
256 1259 524 1356 Ki'elnteyerus
543 1259 600 1334 vir
615 1260 876 1336 amicissimus
891 1259 1024 1336 statuit
1035 1257 1164 1354 (neda

140 1373 206 1453 lib.
224 1371 261 1447 d.
278 1371 541 1450 Verbiltnisse
559 1371 595 1448 d.
614 1371 831 1472 organisch.
848 1369 992 1450 Kriste.
1025 1376 1163 1471 stuttg

143 1484 275 1581 1792).
300 1484 479 1576 Vinsero
498 1483 612 1573 dicas,
625 1484 836 1589 quomodo
850 1483 973 1563 fluida
989 1511 1074 1562 non
1087 1485 1164 1561 diss

140 1612 243 1674 oreta
261 1623 333 1676 scu
358 1597 554 1688 continua,
580 1613 647 1676 aut
662 1599 694 1675 si
712 1597 886 1687 discreta,
905 1597 1164 1696 globulorum

139 1705 288 1799 forma,
313 1711 431 1815 nullis
458 1713 631 1814 partibus
656 1711 850 1810 organicis
879 1710 1162 1813 praeditorum.

5 1913 7 1926 Ι
141 1835 225 1899 sese
257 1825 340 1924 ipsa
373 1825 592 1927 propellere
624 1826 786 1929 possint
837 1823 1078 1900 Secundum.
1093 1811 1162 1900 csl.

139 1937 265 2014 Amici
280 1967 281 1972 ¹
299 1937 373 2013 iste·
400 1952 536 2015 motus
567 1964 644 2041 ope
677 1937 914 2016 Galvanismi
954 1937 1162 2038 peragitur.
1201 1995 1206 2003 .

139 2050 224 2125 Nisi
262 2050 487 2129 electricum
518 2052 653 2141 fuerit,
694 2066 797 2129 certe
828 2065 961 2132 tamen
985 2049 1179 2128 fluidum.

140 2160 349 2262 quoddam
386 2163 614 2242 aethereum
649 2189 722 2266 per
756 2164 948 2241 humores
985 2161 1161 2262 organici
1199 2238 1200 2244 a

140 2273 319 2376 corporis
343 2275 481 2354 labens
504 2278 580 2355 hos
604 2299 740 2354 secum
766 2276 884 2353 ducit

163 2389 166 2394 ’
235 2393 336 2468 Vasa
366 2413 455 2466 vera
490 2391 741 2467 anastomosi·
761 2413 846 2466 non
871 2389 1161 2477 combinantur.

139 2501 210 2578 sed
243 2502 550 2581 extremitatibus
583 2503 725 2581 clausis
757 2503 831 2578 sibi
858 2499 1032 2603 apposita
1058 2512 1160 2576 sunt.

138 2613 279 2692 ntuida
315 2616 437 2716 igitur
460 2643 481 2694 o
504 2641 594 2694 vase
617 2619 672 2692 in'
686 2617 794 2695 aliud
818 2610 1161 2693 transsudare‘ne.

141 2753 246 2805 cesse
271 2743 336 2804 est
373 2730 543 2827 Lignum
569 2730 617 2806 ad
641 2729 859 2806 medullam
877 2750 1002 2829 usque
1018 2726 1062 2802 in
1078 2723 1160 2804 frus

140 2841 251 2918 stulis
268 2841 421 2928 exscidi,
438 2843 490 2918 ita
514 2855 560 2918 ut
583 2845 742 2920 nullum
765 2867 831 2918 vas
855 2863 939 2926 uon
963 2839 1159 2940 interrup-

7 2950 9 2962 '
139 2970 228 3032 tum
253 2953 302 3033 ad
328 2979 517 3032 commen
540 2958 744 3056 pervenire
768 2953 957 3057 potuerit,
987 2976 1062 3028 neo
1084 2951 1160 3030 nab

82 3088 83 3101 ¹
139 3093 216 3145 nus
263 3083 396 3159 tamen
445 3070 566 3146 arbor
603 3069 727 3166 viguit
767 3066 1008 3167 (Nachtrige
1048 3089 1080 3140 z.
1121 3063 1191 3142 dis
1238 3103 1239 3107 κ

9 3177 10 3230 ³
140 3182 379 3259 Grundlehn
412 3181 449 3258 d.
479 3186 590 3260 Anat
620 3207 658 3284 p.
684 3180 774 3274 let).
825 3184 973 3256 Succus
998 3177 1159 3256 adsccn·

140 3295 234 3372 dere
258 3321 342 3372 non
366 3297 507 3396 potuit,
532 3297 608 3372 nisi
632 3291 948 3370 transsudatione
973 3289 1023 3367 ad
1047 3291 1157 3368 latus,-

4 3431 10 3480 2·
138 3407 353 3486 Celerrime
391 3410 486 3485 vero
525 3406 722 3506 eiusmodi
759 3406 1055 3484 exsudatione'm
1089 3427 1159 3507 per

4 3547 10 3592 a
139 3545 261 3624 poros
292 3523 573 3622 inconspicuos
605 3519 691 3596 fieri
723 3521 902 3620 probant.
933 3517 1156 3598 Carradorii

140 3636 401 3736 experimenta
426 3635 476 3711 de
495 3634 622 3732 calyce
637 3639 824 3710 Lactucae
840 3630 1034 3708 levissime
1052 3641 1155 3708 ncta
1219 3717 1220 3720 g

138 3749 198 3824 lac
230 3749 442 3825 exsudante
477 3745 589 3822 facile
619 3745 832 3848 repetenda
863 3744 1086 3844 (Memoria
1116 3741 1155 3818 d.

4 3905 7 3918 ·
137 3864 333 3940 Matemat.
358 3885 380 3938 e
404 3860 498 3936 fisic.
523 3858 626 3936 della
651 3861 791 3936 Societ
814 3857 891 3936 ital
918 3863 962 3934 T.
984 3857 1155 3944 1221)AE

4 4021 6 4033 ·
136 4001 173 4077 p.
198 3976 292 4071 dd).
344 3978 454 4052 Hanc
477 3972 834 4050 transsudationem
857 3970 1094 4057 relaxatione
1118 3979 1156 4047 et

137 4089 410 4170 contractione
420 4082 1151 4180 rnernbranarumrlicni,nondubitoM
1214 4156 1216 4160 .
