<?xml version="1.0" encoding="UTF-8"?>
<!DOCTYPE html PUBLIC "-//W3C//DTD XHTML 1.0 Transitional//EN"
    "http://www.w3.org/TR/xhtml1/DTD/xhtml1-transitional.dtd">
<html xmlns="http://www.w3.org/1999/xhtml" xml:lang="en" lang="en">
 <head>
  <title>
</title>
<meta http-equiv="Content-Type" content="text/html;charset=utf-8" />
  <meta name='ocr-system' content='tesseract 3.04.00' />
  <meta name='ocr-capabilities' content='ocr_page ocr_carea ocr_par ocr_line ocrx_word'/>
</head>
<body>
  <div class='ocr_page' id='page_1' title='image "./elementaphiloso00linkgoog_0038.png"; bbox 0 0 2848 4888; ppageno 0'>
   <div class='ocr_carea' id='block_1_1' title="bbox 539 365 1168 456">
    <p class='ocr_par' dir='ltr' id='par_1_1' title="bbox 539 365 1168 456">
     <span class='ocr_line' id='line_1_1' title="bbox 539 365 1168 456; baseline -0.002 -12"><span class='ocrx_word' id='word_1_1' title='bbox 539 365 784 444; x_wconf 70' lang='lat' dir='ltr'>PLAN&#39;rt</span> <span class='ocrx_word' id='word_1_2' title='bbox 1119 371 1168 456; x_wconf 55' lang='grc' dir='ltr'><strong><em>Ἠ</em></strong></span> 
     </span>
    </p>
   </div>
   <div class='ocr_carea' id='block_1_2' title="bbox 150 616 1218 1060">
    <p class='ocr_par' dir='ltr' id='par_1_2' title="bbox 150 616 1218 1060">
     <span class='ocr_line' id='line_1_2' title="bbox 150 616 1218 773; baseline 0.002 -22"><span class='ocrx_word' id='word_1_3' title='bbox 150 646 153 654; x_wconf 68' lang='grc'><strong>’</strong></span> <span class='ocrx_word' id='word_1_4' title='bbox 211 657 487 768; x_wconf 77' lang='lat' dir='ltr'>haerentia.</span> <span class='ocrx_word' id='word_1_5' title='bbox 528 657 806 773; x_wconf 68' lang='lat' dir='ltr'>clasticitan</span> <span class='ocrx_word' id='word_1_6' title='bbox 844 671 930 754; x_wconf 81' lang='lat' dir='ltr'>aut</span> <span class='ocrx_word' id='word_1_7' title='bbox 961 663 1169 754; x_wconf 75' lang='lat' dir='ltr'>themiso·</span> <span class='ocrx_word' id='word_1_8' title='bbox 1216 616 1218 624; x_wconf 23' lang='grc' dir='ltr'>Ι</span> 
     </span>
     <span class='ocr_line' id='line_1_3' title="bbox 203 797 1169 921; baseline 0.002 -32"><span class='ocrx_word' id='word_1_9' title='bbox 203 804 423 921; x_wconf 77' lang='lat' dir='ltr'><em>physicae,</em></span> <span class='ocrx_word' id='word_1_10' title='bbox 451 799 525 890; x_wconf 89' lang='lat' dir='ltr'>uti</span> <span class='ocrx_word' id='word_1_11' title='bbox 556 797 808 920; x_wconf 86' lang='lat' dir='ltr'><strong>splendor,</strong></span> <span class='ocrx_word' id='word_1_12' title='bbox 821 801 983 905; x_wconf 78' lang='lat' dir='ltr'>color,</span> <span class='ocrx_word' id='word_1_13' title='bbox 1010 814 1169 891; x_wconf 81' lang='lat' dir='ltr'>trans·</span> 
     </span>
     <span class='ocr_line' id='line_1_4' title="bbox 167 939 1172 1060; baseline -0.001 -30"><span class='ocrx_word' id='word_1_14' title='bbox 167 1045 173 1056; x_wconf 39' lang='grc'>,</span> <span class='ocrx_word' id='word_1_15' title='bbox 206 941 452 1060; x_wconf 83' lang='lat' dir='ltr'>porentia,</span> <span class='ocrx_word' id='word_1_16' title='bbox 490 941 639 1044; x_wconf 81' lang='lat' dir='ltr'>calor,</span> <span class='ocrx_word' id='word_1_17' title='bbox 668 939 1172 1060; x_wconf 77' lang='lat' dir='ltr'>phosphores&#39;centia,</span> 
     </span>
    </p>
   </div>
   <div class='ocr_carea' id='block_1_3' title="bbox 211 1079 1328 1202">
    <p class='ocr_par' dir='ltr' id='par_1_3' title="bbox 211 1079 1328 1202">
     <span class='ocr_line' id='line_1_5' title="bbox 211 1079 1328 1202; baseline 0.001 -31"><span class='ocrx_word' id='word_1_18' title='bbox 211 1079 537 1202; x_wconf 68' lang='lat' dir='ltr'>electricitas3⁴</span> <span class='ocrx_word' id='word_1_19' title='bbox 576 1091 662 1170; x_wconf 81' lang='lat' dir='ltr'>eut</span> <span class='ocrx_word' id='word_1_20' title='bbox 704 1084 922 1173; x_wconf 78' lang='lat' dir='ltr'>chemicae</span> <span class='ocrx_word' id='word_1_21' title='bbox 969 1095 1020 1173; x_wconf 85' lang='lat' dir='ltr'>et</span> <span class='ocrx_word' id='word_1_22' title='bbox 1068 1081 1169 1172; x_wconf 87' lang='lat' dir='ltr'>hae</span> <span class='ocrx_word' id='word_1_23' title='bbox 1326 1079 1328 1082; x_wconf 69' lang='grc'><strong>’</strong></span> 
     </span>
    </p>
   </div>
   <div class='ocr_carea' id='block_1_4' title="bbox 205 1217 1286 1616">
    <p class='ocr_par' dir='ltr' id='par_1_4' title="bbox 205 1217 1286 1616">
     <span class='ocr_line' id='line_1_6' title="bbox 209 1217 1171 1340; baseline 0.007 -33"><span class='ocrx_word' id='word_1_24' title='bbox 209 1217 414 1340; x_wconf 89' lang='lat' dir='ltr'>quidem</span> <span class='ocrx_word' id='word_1_25' title='bbox 443 1232 554 1318; x_wconf 65' lang='lat' dir='ltr'>‚aut</span> <span class='ocrx_word' id='word_1_26' title='bbox 602 1221 847 1312; x_wconf 70' lang='lat' dir='ltr'>inmediatc</span> <span class='ocrx_word' id='word_1_27' title='bbox 899 1219 1171 1327; x_wconf 87' lang='lat' dir='ltr'>chemicae,</span> 
     </span>
     <span class='ocr_line' id='line_1_7' title="bbox 206 1359 1170 1480; baseline 0.007 -33"><span class='ocrx_word' id='word_1_28' title='bbox 206 1369 292 1448; x_wconf 85' lang='lat' dir='ltr'>aut</span> <span class='ocrx_word' id='word_1_29' title='bbox 321 1360 521 1461; x_wconf 66' lang='lat' dir='ltr'>medices,</span> <span class='ocrx_word' id='word_1_30' title='bbox 567 1359 640 1448; x_wconf 91' lang='lat' dir='ltr'>uti</span> <span class='ocrx_word' id='word_1_31' title='bbox 682 1388 855 1480; x_wconf 84' lang='lat' dir='ltr'>sapor,</span> <span class='ocrx_word' id='word_1_32' title='bbox 874 1427 877 1436; x_wconf 78' lang='lat'>·</span> <span class='ocrx_word' id='word_1_33' title='bbox 899 1359 1045 1465; x_wconf 84' lang='lat' dir='ltr'>odor,</span> <span class='ocrx_word' id='word_1_34' title='bbox 1084 1375 1170 1460; x_wconf 82' lang='lat' dir='ltr'>aut</span> 
     </span>
     <span class='ocr_line' id='line_1_8' title="bbox 205 1493 1286 1616; baseline 0.009 -32"><span class='ocrx_word' id='word_1_35' title='bbox 205 1499 472 1616; x_wconf 78' lang='lat' dir='ltr'>dynamicoe,</span> <span class='ocrx_word' id='word_1_36' title='bbox 502 1499 579 1590; x_wconf 87' lang='lat' dir='ltr'>uti</span> <span class='ocrx_word' id='word_1_37' title='bbox 611 1493 835 1592; x_wconf 81' lang='lat' dir='ltr'>efficacia</span> <span class='ocrx_word' id='word_1_38' title='bbox 865 1498 1077 1593; x_wconf 84' lang='lat' dir='ltr'>medice.</span> <span class='ocrx_word' id='word_1_39' title='bbox 1144 1506 1148 1515; x_wconf 81' lang='grc'><strong>’</strong></span> <span class='ocrx_word' id='word_1_40' title='bbox 1283 1587 1286 1594; x_wconf 89' lang='grc'>.</span> 
     </span>
    </p>
   </div>
   <div class='ocr_carea' id='block_1_5' title="bbox 35 1699 1229 4192">
    <p class='ocr_par' dir='ltr' id='par_1_5' title="bbox 143 1699 1170 2037">
     <span class='ocr_line' id='line_1_9' title="bbox 241 1699 1170 1812; baseline 0.01 -32"><span class='ocrx_word' id='word_1_41' title='bbox 241 1699 456 1800; x_wconf 84' lang='lat' dir='ltr'>Qualitetes</span> <span class='ocrx_word' id='word_1_42' title='bbox 488 1703 674 1807; x_wconf 82' lang='lat' dir='ltr'><strong>physicae</strong></span> <span class='ocrx_word' id='word_1_43' title='bbox 701 1706 745 1785; x_wconf 90' lang='lat' dir='ltr'>in</span> <span class='ocrx_word' id='word_1_44' title='bbox 774 1707 965 1796; x_wconf 75' lang='lat' dir='ltr'><strong>relatione</strong></span> <span class='ocrx_word' id='word_1_45' title='bbox 990 1710 1170 1812; x_wconf 83' lang='lat' dir='ltr'>partium</span> 
     </span>
     <span class='ocr_line' id='line_1_10' title="bbox 143 1819 1169 1924; baseline 0.006 -29"><span class='ocrx_word' id='word_1_46' title='bbox 143 1819 310 1912; x_wconf 71' lang='lat' dir='ltr'>intense</span> <span class='ocrx_word' id='word_1_47' title='bbox 336 1821 566 1916; x_wconf 88' lang='lat' dir='ltr'>consistunt,</span> <span class='ocrx_word' id='word_1_48' title='bbox 591 1821 795 1924; x_wconf 76' lang='lat' dir='ltr'>qualitates</span> <span class='ocrx_word' id='word_1_49' title='bbox 820 1823 1018 1903; x_wconf 81' lang='lat' dir='ltr'>chemicae</span> <span class='ocrx_word' id='word_1_50' title='bbox 1041 1825 1084 1902; x_wconf 91' lang='lat' dir='ltr'>in</span> <span class='ocrx_word' id='word_1_51' title='bbox 1107 1849 1169 1901; x_wconf 85' lang='lat' dir='ltr'>re-</span> 
     </span>
     <span class='ocr_line' id='line_1_11' title="bbox 144 1930 670 2037; baseline 0.01 -30"><span class='ocrx_word' id='word_1_52' title='bbox 144 1930 291 2010; x_wconf 82' lang='lat' dir='ltr'>latione</span> <span class='ocrx_word' id='word_1_53' title='bbox 316 1930 367 2008; x_wconf 86' lang='lat' dir='ltr'>ad</span> <span class='ocrx_word' id='word_1_54' title='bbox 392 1931 466 2008; x_wconf 82' lang='lat' dir='ltr'>alio</span> <span class='ocrx_word' id='word_1_55' title='bbox 490 1958 670 2037; x_wconf 84' lang='lat' dir='ltr'>corpore.</span> 
     </span>
    </p>

    <p class='ocr_par' dir='ltr' id='par_1_6' title="bbox 142 2045 1170 2263">
     <span class='ocr_line' id='line_1_12' title="bbox 241 2045 1170 2154; baseline 0.004 -30"><span class='ocrx_word' id='word_1_56' title='bbox 241 2045 511 2140; x_wconf 65' lang='lat' dir='ltr'>Cohaerentie,</span> <span class='ocrx_word' id='word_1_57' title='bbox 537 2048 738 2138; x_wconf 78' lang='lat' dir='ltr'>elasticitns</span> <span class='ocrx_word' id='word_1_58' title='bbox 757 2063 795 2128; x_wconf 88' lang='lat' dir='ltr'>et</span> <span class='ocrx_word' id='word_1_59' title='bbox 809 2050 974 2145; x_wconf 75' lang='lat' dir='ltr'>gravitas</span> <span class='ocrx_word' id='word_1_60' title='bbox 988 2048 1170 2154; x_wconf 83' lang='lat' dir='ltr'>specifica</span> 
     </span>
     <span class='ocr_line' id='line_1_13' title="bbox 142 2159 1113 2263; baseline 0.009 -27"><span class='ocrx_word' id='word_1_61' title='bbox 142 2159 186 2236; x_wconf 91' lang='lat' dir='ltr'>in</span> <span class='ocrx_word' id='word_1_62' title='bbox 209 2160 324 2258; x_wconf 87' lang='lat' dir='ltr'>lignis</span> <span class='ocrx_word' id='word_1_63' title='bbox 348 2161 579 2263; x_wconf 81' lang='lat' dir='ltr'>praesertim</span> <span class='ocrx_word' id='word_1_64' title='bbox 602 2162 916 2242; x_wconf 87' lang='lat' dir='ltr'>considerantur.</span> <span class='ocrx_word' id='word_1_65' title='bbox 1109 2233 1113 2245; x_wconf 93' lang='lat'><em>.</em></span> 
     </span>
    </p>

    <p class='ocr_par' dir='ltr' id='par_1_7' title="bbox 141 2272 1229 2718">
     <span class='ocr_line' id='line_1_14' title="bbox 148 2272 1229 2381; baseline 0.003 -30"><span class='ocrx_word' id='word_1_66' title='bbox 148 2343 150 2351; x_wconf 92' lang='lat'><em>.</em></span> <span class='ocrx_word' id='word_1_67' title='bbox 240 2272 442 2377; x_wconf 87' lang='lat' dir='ltr'>Splendor</span> <span class='ocrx_word' id='word_1_68' title='bbox 466 2299 487 2352; x_wconf 92' lang='lat' dir='ltr'>e</span> <span class='ocrx_word' id='word_1_69' title='bbox 511 2275 734 2378; x_wconf 85' lang='lat' dir='ltr'>superficiei</span> <span class='ocrx_word' id='word_1_70' title='bbox 760 2277 991 2364; x_wconf 85' lang='lat' dir='ltr'>conditione</span> <span class='ocrx_word' id='word_1_71' title='bbox 1012 2277 1169 2381; x_wconf 87' lang='lat' dir='ltr'>pendet</span> <span class='ocrx_word' id='word_1_72' title='bbox 1226 2331 1229 2336; x_wconf 89' lang='lat'><em>-</em></span> 
     </span>
     <span class='ocr_line' id='line_1_15' title="bbox 145 2387 1169 2523; baseline 0.007 -60"><span class='ocrx_word' id='word_1_73' title='bbox 145 2388 345 2490; x_wconf 81' lang='lat' dir='ltr'>Splendor</span> <span class='ocrx_word' id='word_1_74' title='bbox 375 2388 448 2500; x_wconf 77' lang='lat' dir='ltr'>iste</span> <span class='ocrx_word' id='word_1_75' title='bbox 479 2387 693 2480; x_wconf 81' lang='lat' dir='ltr'>velutinus,</span> <span class='ocrx_word' id='word_1_76' title='bbox 724 2391 954 2492; x_wconf 83' lang='lat' dir='ltr'>frequens</span> <span class='ocrx_word' id='word_1_77' title='bbox 933 2415 984 2466; x_wconf 78' lang='grc' dir='ltr'>ιη</span> <span class='ocrx_word' id='word_1_78' title='bbox 1017 2390 1169 2523; x_wconf 78' lang='lat' dir='ltr'>plaptis,</span> 
     </span>
     <span class='ocr_line' id='line_1_16' title="bbox 141 2501 1170 2607; baseline 0.004 -29"><span class='ocrx_word' id='word_1_79' title='bbox 141 2503 364 2581; x_wconf 80' lang='lat' dir='ltr'>ratissimus</span> <span class='ocrx_word' id='word_1_80' title='bbox 387 2502 431 2577; x_wconf 88' lang='lat' dir='ltr'>in</span> <span class='ocrx_word' id='word_1_81' title='bbox 456 2501 540 2580; x_wconf 87' lang='lat' dir='ltr'>aliis</span> <span class='ocrx_word' id='word_1_82' title='bbox 566 2504 1170 2607; x_wconf 76' lang='lat' dir='ltr'>corpoeibus,apapillis01itur</span> 
     </span>
     <span class='ocr_line' id='line_1_17' title="bbox 141 2615 1164 2718; baseline 0.005 -26"><span class='ocrx_word' id='word_1_83' title='bbox 141 2615 393 2718; x_wconf 83' lang='lat' dir='ltr'>superficiem</span> <span class='ocrx_word' id='word_1_84' title='bbox 417 2616 649 2715; x_wconf 76' lang='lat' dir='ltr'>tegentibus.</span> <span class='ocrx_word' id='word_1_85' title='bbox 1097 2642 1101 2652; x_wconf 89' lang='lat'>·</span> <span class='ocrx_word' id='word_1_86' title='bbox 1151 2671 1164 2682; x_wconf 79' lang='lat'>‚.</span> 
     </span>
    </p>

    <p class='ocr_par' dir='ltr' id='par_1_8' title="bbox 35 2729 1171 4192">
     <span class='ocr_line' id='line_1_18' title="bbox 238 2729 1171 2834; baseline 0.004 -30"><span class='ocrx_word' id='word_1_87' title='bbox 238 2733 300 2805; x_wconf 88' lang='lat' dir='ltr'>De</span> <span class='ocrx_word' id='word_1_88' title='bbox 349 2729 484 2806; x_wconf 86' lang='lat' dir='ltr'>colore</span> <span class='ocrx_word' id='word_1_89' title='bbox 531 2730 646 2808; x_wconf 78' lang='lat' dir='ltr'>valde</span> <span class='ocrx_word' id='word_1_90' title='bbox 687 2731 932 2834; x_wconf 85' lang='lat' dir='ltr'>disputatum</span> <span class='ocrx_word' id='word_1_91' title='bbox 972 2746 1032 2810; x_wconf 87' lang='lat' dir='ltr'>est</span> <span class='ocrx_word' id='word_1_92' title='bbox 1068 2732 1171 2811; x_wconf 83' lang='lat' dir='ltr'>inter</span> 
     </span>
     <span class='ocr_line' id='line_1_19' title="bbox 140 2842 1170 2950; baseline 0.003 -31"><span class='ocrx_word' id='word_1_93' title='bbox 140 2842 337 2920; x_wconf 83' lang='lat' dir='ltr'>Historiae</span> <span class='ocrx_word' id='word_1_94' title='bbox 361 2843 549 2921; x_wconf 84' lang='lat' dir='ltr'>naturalis</span> <span class='ocrx_word' id='word_1_95' title='bbox 573 2844 732 2947; x_wconf 86' lang='lat' dir='ltr'>peritos</span> <span class='ocrx_word' id='word_1_96' title='bbox 782 2847 948 2924; x_wconf 86' lang='lat' dir='ltr'>Colores</span> <span class='ocrx_word' id='word_1_97' title='bbox 972 2845 1170 2950; x_wconf 84' lang='lat' dir='ltr'>simplices</span> 
     </span>
     <span class='ocr_line' id='line_1_20' title="bbox 140 2955 1169 3054; baseline 0.002 -20"><span class='ocrx_word' id='word_1_98' title='bbox 140 2961 320 3034; x_wconf 88' lang='lat' dir='ltr'>Werner</span> <span class='ocrx_word' id='word_1_99' title='bbox 359 2957 476 3054; x_wconf 88' lang='lat' dir='ltr'>(Von</span> <span class='ocrx_word' id='word_1_100' title='bbox 518 2956 555 3035; x_wconf 94' lang='lat' dir='ltr'>d</span> <span class='ocrx_word' id='word_1_101' title='bbox 597 2955 814 3036; x_wconf 78' lang='lat' dir='ltr'>iusserlich</span> <span class='ocrx_word' id='word_1_102' title='bbox 858 2959 1094 3036; x_wconf 85' lang='lat' dir='ltr'>Kennzeich.</span> <span class='ocrx_word' id='word_1_103' title='bbox 1132 2957 1169 3036; x_wconf 92' lang='lat' dir='ltr'>d.</span> 
     </span>
     <span class='ocr_line' id='line_1_21' title="bbox 35 3069 1169 3174; baseline 0 -26"><span class='ocrx_word' id='word_1_104' title='bbox 35 3109 39 3118; x_wconf 53' lang='grc'><strong>’</strong></span> <span class='ocrx_word' id='word_1_105' title='bbox 140 3069 344 3148; x_wconf 81' lang='lat' dir='ltr'>Fossilien.</span> <span class='ocrx_word' id='word_1_106' title='bbox 365 3071 509 3172; x_wconf 77' lang='lat' dir='ltr'>Leipz.</span> <span class='ocrx_word' id='word_1_107' title='bbox 550 3074 657 3149; x_wconf 77' lang='grc'><strong>1774.</strong></span> <span class='ocrx_word' id='word_1_108' title='bbox 690 3097 727 3174; x_wconf 92' lang='lat' dir='ltr'>p.</span> <span class='ocrx_word' id='word_1_109' title='bbox 757 3072 857 3172; x_wconf 81' lang='lat'><strong>87.‚)</strong></span> <span class='ocrx_word' id='word_1_110' title='bbox 866 3071 1015 3172; x_wconf 80' lang='lat' dir='ltr'>Illiger</span> <span class='ocrx_word' id='word_1_111' title='bbox 1038 3073 1169 3170; x_wconf 89' lang='lat' dir='ltr'>(Vers.</span> 
     </span>
     <span class='ocr_line' id='line_1_22' title="bbox 142 3181 1169 3284; baseline 0.002 -24"><span class='ocrx_word' id='word_1_112' title='bbox 142 3185 216 3260; x_wconf 85' lang='lat' dir='ltr'>ein.</span> <span class='ocrx_word' id='word_1_113' title='bbox 243 3181 514 3283; x_wconf 71' lang='lat' dir='ltr'>Tenninolog,</span> <span class='ocrx_word' id='word_1_114' title='bbox 539 3210 577 3284; x_wconf 88' lang='lat' dir='ltr'>p.</span> <span class='ocrx_word' id='word_1_115' title='bbox 602 3185 678 3282; x_wconf 84' lang='grc'><strong>76.)</strong></span> <span class='ocrx_word' id='word_1_116' title='bbox 703 3201 743 3278; x_wconf 86' lang='lat' dir='ltr'>et</span> <span class='ocrx_word' id='word_1_117' title='bbox 765 3192 902 3284; x_wconf 79' lang='lat' dir='ltr'>Hayne</span> <span class='ocrx_word' id='word_1_118' title='bbox 918 3185 988 3284; x_wconf 82' lang='lat' dir='ltr'>(de</span> <span class='ocrx_word' id='word_1_119' title='bbox 1005 3185 1169 3264; x_wconf 83' lang='lat' dir='ltr'>colorib.</span> 
     </span>
     <span class='ocr_line' id='line_1_23' title="bbox 141 3297 1170 3406; baseline 0 -30"><span class='ocrx_word' id='word_1_120' title='bbox 141 3322 298 3399; x_wconf 88' lang='lat' dir='ltr'>corpor.</span> <span class='ocrx_word' id='word_1_121' title='bbox 324 3297 487 3380; x_wconf 82' lang='lat' dir='ltr'>natural.</span> <span class='ocrx_word' id='word_1_122' title='bbox 511 3297 765 3396; x_wconf 70' lang='lat' dir='ltr'>Remi-1814</span> <span class='ocrx_word' id='word_1_123' title='bbox 791 3301 842 3398; x_wconf 80' lang='lat' dir='ltr'>t.)</span> <span class='ocrx_word' id='word_1_124' title='bbox 865 3313 960 3406; x_wconf 71' lang='lat' dir='ltr'>opto</span> <span class='ocrx_word' id='word_1_125' title='bbox 987 3298 1170 3376; x_wconf 81' lang='lat' dir='ltr'>distinxe-</span> 
     </span>
     <span class='ocr_line' id='line_1_24' title="bbox 140 3410 1169 3512; baseline 0.008 -25"><span class='ocrx_word' id='word_1_126' title='bbox 140 3425 252 3500; x_wconf 85' lang='lat' dir='ltr'>runt,</span> <span class='ocrx_word' id='word_1_127' title='bbox 284 3410 438 3502; x_wconf 85' lang='lat' dir='ltr'>album,</span> <span class='ocrx_word' id='word_1_128' title='bbox 466 3412 659 3511; x_wconf 70' lang='lat' dir='ltr'>gnsemn,</span> <span class='ocrx_word' id='word_1_129' title='bbox 690 3415 867 3512; x_wconf 79' lang='lat' dir='ltr'>nigmm,</span> <span class='ocrx_word' id='word_1_130' title='bbox 900 3413 1075 3504; x_wconf 85' lang='lat' dir='ltr'>fuscum,</span> <span class='ocrx_word' id='word_1_131' title='bbox 1090 3440 1169 3505; x_wconf 69' lang='lat' dir='ltr'>,ru-</span> 
     </span>
     <span class='ocr_line' id='line_1_25' title="bbox 140 3524 1168 3618; baseline 0.004 -18"><span class='ocrx_word' id='word_1_132' title='bbox 140 3525 271 3613; x_wconf 81' lang='lat' dir='ltr'><strong>hmm,</strong></span> <span class='ocrx_word' id='word_1_133' title='bbox 295 3524 461 3615; x_wconf 85' lang='lat' dir='ltr'>luteum,</span> <span class='ocrx_word' id='word_1_134' title='bbox 485 3526 664 3614; x_wconf 89' lang='lat' dir='ltr'>viridem,</span> <span class='ocrx_word' id='word_1_135' title='bbox 690 3530 932 3618; x_wconf 81' lang='lat' dir='ltr'>coeruleum,</span> <span class='ocrx_word' id='word_1_136' title='bbox 957 3551 1031 3606; x_wconf 91' lang='lat' dir='ltr'>nec</span> <span class='ocrx_word' id='word_1_137' title='bbox 1055 3527 1168 3606; x_wconf 84' lang='lat' dir='ltr'>male.</span> 
     </span>
     <span class='ocr_line' id='line_1_26' title="bbox 139 3639 1169 3751; baseline 0.002 -35"><span class='ocrx_word' id='word_1_138' title='bbox 139 3639 222 3716; x_wconf 87' lang='lat' dir='ltr'>Etsi</span> <span class='ocrx_word' id='word_1_139' title='bbox 277 3639 385 3735; x_wconf 88' lang='lat' dir='ltr'>enim</span> <span class='ocrx_word' id='word_1_140' title='bbox 438 3641 589 3751; x_wconf 73' lang='lat' dir='ltr'>horum</span> <span class='ocrx_word' id='word_1_141' title='bbox 637 3641 773 3743; x_wconf 77' lang='lat' dir='ltr'>plures</span> <span class='ocrx_word' id='word_1_142' title='bbox 827 3644 1021 3724; x_wconf 80' lang='lat' dir='ltr'>mixtione</span> <span class='ocrx_word' id='word_1_143' title='bbox 1076 3666 1169 3743; x_wconf 88' lang='lat' dir='ltr'>pro-</span> 
     </span>
     <span class='ocr_line' id='line_1_27' title="bbox 141 3753 1170 3860; baseline 0.003 -32"><span class='ocrx_word' id='word_1_144' title='bbox 141 3753 234 3828; x_wconf 91' lang='lat' dir='ltr'>duci</span> <span class='ocrx_word' id='word_1_145' title='bbox 264 3767 447 3855; x_wconf 87' lang='lat' dir='ltr'>possunt,</span> <span class='ocrx_word' id='word_1_146' title='bbox 489 3754 608 3831; x_wconf 91' lang='lat' dir='ltr'>nimis</span> <span class='ocrx_word' id='word_1_147' title='bbox 644 3769 778 3833; x_wconf 87' lang='lat' dir='ltr'>tamen</span> <span class='ocrx_word' id='word_1_148' title='bbox 810 3757 1030 3860; x_wconf 81' lang='lat' dir='ltr'>composita</span> <span class='ocrx_word' id='word_1_149' title='bbox 1063 3753 1170 3832; x_wconf 89' lang='lat' dir='ltr'>foret</span> 
     </span>
     <span class='ocr_line' id='line_1_28' title="bbox 139 3867 1168 3971; baseline 0.006 -29"><span class='ocrx_word' id='word_1_150' title='bbox 139 3867 428 3968; x_wconf 81' lang='lat' dir='ltr'>terminologia.</span> <span class='ocrx_word' id='word_1_151' title='bbox 502 3870 582 3966; x_wconf 90' lang='lat' dir='ltr'>Qui</span> <span class='ocrx_word' id='word_1_152' title='bbox 631 3871 942 3971; x_wconf 87' lang='lat' dir='ltr'>compositiones</span> <span class='ocrx_word' id='word_1_153' title='bbox 984 3868 1168 3948; x_wconf 88' lang='lat' dir='ltr'>colorum</span> 
     </span>
     <span class='ocr_line' id='line_1_29' title="bbox 143 3980 1168 4086; baseline 0.005 -33"><span class='ocrx_word' id='word_1_154' title='bbox 143 3980 325 4082; x_wconf 83' lang='lat' dir='ltr'>(excepto</span> <span class='ocrx_word' id='word_1_155' title='bbox 363 3983 473 4073; x_wconf 82' lang='lat' dir='ltr'>albo,</span> <span class='ocrx_word' id='word_1_156' title='bbox 514 3983 584 4084; x_wconf 90' lang='lat' dir='ltr'>qui</span> <span class='ocrx_word' id='word_1_157' title='bbox 615 3985 777 4086; x_wconf 87' lang='lat' dir='ltr'>proprie</span> <span class='ocrx_word' id='word_1_158' title='bbox 815 3985 927 4062; x_wconf 89' lang='lat' dir='ltr'>color</span> <span class='ocrx_word' id='word_1_159' title='bbox 962 4007 1046 4058; x_wconf 92' lang='lat' dir='ltr'>non</span> <span class='ocrx_word' id='word_1_160' title='bbox 1085 3983 1168 4082; x_wconf 88' lang='lat' dir='ltr'>est),</span> 
     </span>
     <span class='ocr_line' id='line_1_30' title="bbox 142 4095 1167 4192; baseline 0.009 -25"><span class='ocrx_word' id='word_1_161' title='bbox 142 4117 380 4192; x_wconf 86' lang='lat' dir='ltr'>cognoscere</span> <span class='ocrx_word' id='word_1_162' title='bbox 417 4095 565 4186; x_wconf 88' lang='lat' dir='ltr'>studet,</span> <span class='ocrx_word' id='word_1_163' title='bbox 603 4097 718 4176; x_wconf 81' lang='lat' dir='ltr'>adeat</span> <span class='ocrx_word' id='word_1_164' title='bbox 752 4098 951 4177; x_wconf 82' lang='lat' dir='ltr'>Lamberti</span> <span class='ocrx_word' id='word_1_165' title='bbox 987 4096 1167 4176; x_wconf 87' lang='lat' dir='ltr'>libellum</span> 
     </span>
    </p>
   </div>
   <div class='ocr_carea' id='block_1_6' title="bbox 0 0 1428 4888">
    <p class='ocr_par' dir='ltr' id='par_1_9' title="bbox 0 0 1428 4888">
     <span class='ocr_line' id='line_1_31' title="bbox 0 0 1428 4888; baseline 0 0"><span class='ocrx_word' id='word_1_166' title='bbox 0 0 1428 4888; x_wconf 95' lang='lat' dir='ltr'> </span> 
     </span>
    </p>
   </div>
  </div>
 </body>
</html>
