2852 4872
137 377 144 392 “
328 378 871 492 γιΝΤΕιιωνιιῑΝτΑ.
1076 376 1176 456 aaa.

127 574 352 654 fidentibus
370 592 437 656 aut
452 579 688 657 rudimentis
706 601 848 655 eorum
863 588 1019 652 tantum
1040 601 1151 680 prae-

128 693 323 780 sentibus,
355 721 488 796 aspero
520 719 622 797 quae
654 692 882 792 majoribus.
945 691 1152 768 stabnties
1261 707 1265 716 '

126 803 225 882 haec
249 808 362 884 valde
388 808 537 886 diuersa
565 822 623 885 est
647 809 695 884 ab
722 833 775 895 ea,
800 805 958 910 quaein
976 808 1152 904 margine

126 917 322 1006 soliorum
352 924 394 996 in
428 924 667 1024 quibusdam
701 921 956 1000 Graminibus
988 919 1153 1023 aliisque

125 1035 270 1135 plantis
297 1039 544 1138 conspicitur,
569 1039 612 1112 in
636 1037 710 1111 bac
736 1036 841 1111 enim
870 1034 1030 1111 cellulae
1049 1058 1152 1112 mar·
1233 1049 1238 1068 ¹

126 1147 230 1246 ginis
261 1152 462 1250 elongatae
493 1151 724 1253 prominent
756 1163 794 1225 et
818 1147 963 1225 folium
987 1149 1153 1227 serrula·

124 1277 215 1341 tum
239 1265 423 1342 reddunt

221 1399 315 1471 Pars
351 1393 554 1499 pubescens
593 1395 685 1498 pilis
725 1394 912 1471 brevibus
961 1395 1152 1474 mollibus

126 1508 339 1606 obtegitur,
377 1511 494 1598 hirta,
530 1509 619 1613 pilis
656 1535 799 1612 parum
840 1508 1089 1607 longioribus
1115 1522 1153 1586 et

124 1624 395 1721 rigidioribus,
421 1628 563 1726 pilosa,
587 1625 676 1725 pilis
702 1624 829 1721 longis
853 1623 1043 1699 mollibus
1070 1647 1152 1700 ere-

127 1735 341 1824 ctiusculis,
381 1739 546 1840 hispzila,
571 1738 659 1838 pilis
697 1737 949 1835 longissimis
968 1737 1152 1814 mollissi-

126 1849 204 1923 mis
236 1850 351 1924 reetis
388 1864 426 1925 et
457 1851 735 1937 erectiusculis,
768 1855 919 1937 lanata,
950 1852 1040 1952 pilis
1064 1845 1152 1929 lon-

127 1963 296 2061 gissimis
325 1963 569 2040 mollissimis
603 1963 747 2063 crispis
781 1965 1063 2052 erectiusculis,
1096 1981 1153 2042 to·

127 2093 308 2162 nzcntosa,
333 2076 422 2177 pilis
448 2077 785 2178 contortuplicatis
810 2077 1152 2168 decumbentibus,

126 2191 276 2277 sen'cca,
318 2192 408 2292 pilis
440 2191 569 2291 longis
599 2192 790 2268 mollibus
823 2192 961 2269 eadem
986 2190 1068 2270 fere
1094 2194 1152 2270 di-

126 2305 302 2380 rectione
340 2303 550 2404 adpressis,
587 2308 859 2394 arachnozilca,
896 2307 986 2408 pilis
1022 2307 1152 2406 longis

126 2418 317 2495 mollibus
341 2419 444 2495 varia
471 2419 687 2497 directione
713 2419 1150 2522 adpressis,mun1'cota,

127 2535 216 2636 pilis
246 2536 298 2610 ita
331 2534 666 2635 contortuplicatis
700 2547 737 2610 et
762 2535 971 2636 adpressis,
994 2550 1041 2612 ut
1065 2563 1153 2613 om-

127 2671 197 2726 nes
234 2649 354 2725 simul
399 2648 559 2747 deglubi
595 2650 767 2752 possint,
792 2663 838 2727 ut
871 2650 1061 2752 Bupleuri
1096 2651 1152 2749 gi-

128 2762 275 2860 gantei,
301 2763 476 2839 Cacaliae
501 2765 747 2840 canescentis.
1122 2767 1127 2778 '

225 2895 386 2996 Piliseru
416 2906 474 2968 est
504 2919 610 2994 pars,
648 2919 750 2996 quae
782 2894 894 2970 certis
927 2893 1025 2971 locis
1048 2893 1152 2996 pilos

128 3007 305 3106 singulos
342 3005 510 3108 profert,
548 3003 723 3094 barbata,
763 3033 864 3109 quae
906 3006 1018 3083 certis
1055 3005 1152 3082 locis

126 3121 231 3224 pilos
280 3120 440 3209 densos,
489 3122 638 3208 ci'lziztu,
690 3145 792 3224 quae
831 3121 1010 3219 margine
1047 3121 1152 3224 pilos

128 3235 277 3312 emittit

225 3367 316 3442 Setu
342 3379 399 3442 est
421 3364 526 3468 pilus
550 3364 823 3464 rigidissimus.
873 3363 1066 3444 Stimulos
1081 3391 1152 3442 vo·

128 3491 188 3555 cat
210 3479 408 3556 Linuaeus
433 3480 537 3582 pilos
560 3494 731 3556 urentes.

223 3611 270 3685 In
303 3609 491 3686 omnibus
522 3610 700 3710 partibus
731 3610 804 3686 ubi
836 3610 973 3687 locum
1004 3609 1152 3685 babent

127 3721 329 3799 interdum
354 3724 612 3825 reperiuntur,
637 3724 835 3800 rarissime
850 3725 894 3800 in
911 3725 1137 3822 embryoue
1167 3793 1170 3798 .

130 3953 232 4046 143.
286 3953 379 4046 Pili
400 3955 465 4046 ad
485 3965 758 4048 excretioncs
779 3963 1004 4048 naturales
1024 3953 1149 4047 rese-

190 4093 348 4210 rendi‚
378 4109 579 4190 retento
601 4097 920 4189 incremento
949 4095 1129 4189 oborti.
