<?xml version="1.0" encoding="UTF-8"?>
<!DOCTYPE html PUBLIC "-//W3C//DTD XHTML 1.0 Transitional//EN"
    "http://www.w3.org/TR/xhtml1/DTD/xhtml1-transitional.dtd">
<html xmlns="http://www.w3.org/1999/xhtml" xml:lang="en" lang="en">
 <head>
  <title>
</title>
<meta http-equiv="Content-Type" content="text/html;charset=utf-8" />
  <meta name='ocr-system' content='tesseract 3.04.00' />
  <meta name='ocr-capabilities' content='ocr_page ocr_carea ocr_par ocr_line ocrx_word'/>
</head>
<body>
  <div class='ocr_page' id='page_1' title='image "./elementaphiloso00linkgoog_0331.png"; bbox 0 0 2836 4878; ppageno 0'>
   <div class='ocr_carea' id='block_1_1' title="bbox 204 289 1278 447">
    <p class='ocr_par' dir='ltr' id='par_1_1' title="bbox 204 289 1278 447">
     <span class='ocr_line' id='line_1_1' title="bbox 204 289 1278 447; baseline 0.002 -33"><span class='ocrx_word' id='word_1_1' title='bbox 204 289 206 296; x_wconf 68' lang='grc'><em>’</em></span> <span class='ocrx_word' id='word_1_2' title='bbox 254 345 330 432; x_wconf 70' lang='lat' dir='ltr'><strong>aas</strong></span> <span class='ocrx_word' id='word_1_3' title='bbox 431 396 476 447; x_wconf 61' lang='lat'><strong><em>„</em></strong></span> <span class='ocrx_word' id='word_1_4' title='bbox 623 334 912 418; x_wconf 83' lang='lat' dir='ltr'><strong>raucaus.</strong></span> <span class='ocrx_word' id='word_1_5' title='bbox 1261 377 1278 416; x_wconf 60' lang='lat' dir='ltr'><strong>t</strong></span> 
     </span>
    </p>
   </div>
   <div class='ocr_carea' id='block_1_2' title="bbox 218 531 1403 4051">
    <p class='ocr_par' dir='ltr' id='par_1_2' title="bbox 234 531 1292 742">
     <span class='ocr_line' id='line_1_2' title="bbox 234 531 1292 642; baseline -0.006 -21"><span class='ocrx_word' id='word_1_6' title='bbox 234 607 236 624; x_wconf 91' lang='grc'>.</span> <span class='ocrx_word' id='word_1_7' title='bbox 258 539 405 642; x_wconf 67' lang='lat' dir='ltr'><strong>diptota.</strong></span> <span class='ocrx_word' id='word_1_8' title='bbox 440 535 607 640; x_wconf 70' lang='lat' dir='ltr'><strong>Diplods</strong></span> <span class='ocrx_word' id='word_1_9' title='bbox 622 533 878 614; x_wconf 80' lang='lat' dir='ltr'><strong>induratione</strong></span> <span class='ocrx_word' id='word_1_10' title='bbox 894 531 937 610; x_wconf 91' lang='lat' dir='ltr'><strong>in</strong></span> <span class='ocrx_word' id='word_1_11' title='bbox 949 545 1140 635; x_wconf 79' lang='lat' dir='ltr'><strong>putamen</strong></span> <span class='ocrx_word' id='word_1_12' title='bbox 1159 533 1292 640; x_wconf 86' lang='lat' dir='ltr'><strong>drupa</strong></span> 
     </span>
     <span class='ocr_line' id='line_1_3' title="bbox 258 655 590 742; baseline -0.036 0"><span class='ocrx_word' id='word_1_13' title='bbox 258 655 395 742; x_wconf 81' lang='lat' dir='ltr'><strong>oritur.</strong></span> <span class='ocrx_word' id='word_1_14' title='bbox 587 720 590 730; x_wconf 75' lang='grc'><strong><em>,</em></strong></span> 
     </span>
    </p>

    <p class='ocr_par' dir='ltr' id='par_1_3' title="bbox 254 762 1403 2005">
     <span class='ocr_line' id='line_1_4' title="bbox 267 762 1293 865; baseline -0.004 -19"><span class='ocrx_word' id='word_1_15' title='bbox 267 829 271 846; x_wconf 85' lang='grc'><strong>,</strong></span> <span class='ocrx_word' id='word_1_16' title='bbox 335 769 499 846; x_wconf 85' lang='lat' dir='ltr'><strong>·Cortcx</strong></span> <span class='ocrx_word' id='word_1_17' title='bbox 534 762 701 844; x_wconf 84' lang='lat' dir='ltr'><strong>intimus</strong></span> <span class='ocrx_word' id='word_1_18' title='bbox 738 786 854 865; x_wconf 80' lang='lat' dir='ltr'>saepe</span> <span class='ocrx_word' id='word_1_19' title='bbox 885 762 1119 840; x_wconf 88' lang='lat' dir='ltr'><strong>membrana</strong></span> <span class='ocrx_word' id='word_1_20' title='bbox 1144 776 1203 840; x_wconf 87' lang='lat' dir='ltr'><strong>est</strong></span> <span class='ocrx_word' id='word_1_21' title='bbox 1226 788 1293 842; x_wconf 87' lang='lat' dir='ltr'><strong>ca-</strong></span> 
     </span>
     <span class='ocr_line' id='line_1_5' title="bbox 258 875 1293 979; baseline -0.01 -14"><span class='ocrx_word' id='word_1_22' title='bbox 258 884 417 966; x_wconf 73' lang='lat' dir='ltr'><strong>nutem</strong></span> <span class='ocrx_word' id='word_1_23' title='bbox 442 875 651 978; x_wconf 86' lang='lat' dir='ltr'><strong>pericarpii</strong></span> <span class='ocrx_word' id='word_1_24' title='bbox 679 875 789 954; x_wconf 88' lang='lat' dir='ltr'><strong>intus</strong></span> <span class='ocrx_word' id='word_1_25' title='bbox 813 876 1053 952; x_wconf 64' lang='lat' dir='ltr'><strong>investiens„</strong></span> <span class='ocrx_word' id='word_1_26' title='bbox 1076 878 1293 979; x_wconf 88' lang='lat' dir='ltr'><strong>Composi-</strong></span> 
     </span>
     <span class='ocr_line' id='line_1_6' title="bbox 258 988 1293 1077; baseline -0.008 -1"><span class='ocrx_word' id='word_1_27' title='bbox 258 1013 322 1076; x_wconf 88' lang='lat' dir='ltr'><strong>tus</strong></span> <span class='ocrx_word' id='word_1_28' title='bbox 348 1007 406 1074; x_wconf 84' lang='lat' dir='ltr'><strong>est</strong></span> <span class='ocrx_word' id='word_1_29' title='bbox 431 1016 452 1068; x_wconf 85' lang='lat' dir='ltr'><strong>e</strong></span> <span class='ocrx_word' id='word_1_30' title='bbox 479 989 630 1071; x_wconf 87' lang='lat' dir='ltr'><strong>cellulis</strong></span> <span class='ocrx_word' id='word_1_31' title='bbox 654 988 766 1077; x_wconf 84' lang='lat' dir='ltr'><strong>laxis.</strong></span> <span class='ocrx_word' id='word_1_32' title='bbox 792 1005 859 1068; x_wconf 90' lang='lat' dir='ltr'><strong>aut</strong></span> <span class='ocrx_word' id='word_1_33' title='bbox 883 991 1029 1068; x_wconf 85' lang='lat' dir='ltr'><strong>evasis</strong></span> <span class='ocrx_word' id='word_1_34' title='bbox 1053 989 1212 1068; x_wconf 89' lang='lat' dir='ltr'><strong>fibrosis</strong></span> <span class='ocrx_word' id='word_1_35' title='bbox 1230 1008 1293 1068; x_wconf 83' lang='lat' dir='ltr'><strong>sat</strong></span> 
     </span>
     <span class='ocr_line' id='line_1_7' title="bbox 258 1103 1403 1242; baseline -0.004 -55"><span class='ocrx_word' id='word_1_36' title='bbox 258 1108 431 1208; x_wconf 73' lang='lat' dir='ltr'><strong>unguis,</strong></span> <span class='ocrx_word' id='word_1_37' title='bbox 469 1128 648 1205; x_wconf 91' lang='lat' dir='ltr'><strong>quorum</strong></span> <span class='ocrx_word' id='word_1_38' title='bbox 683 1103 788 1180; x_wconf 89' lang='lat' dir='ltr'><strong>varia</strong></span> <span class='ocrx_word' id='word_1_39' title='bbox 824 1117 940 1180; x_wconf 89' lang='lat' dir='ltr'><strong>strata</strong></span> <span class='ocrx_word' id='word_1_40' title='bbox 977 1105 1052 1182; x_wconf 89' lang='lat' dir='ltr'><strong>sibi</strong></span> <span class='ocrx_word' id='word_1_41' title='bbox 1083 1104 1293 1182; x_wconf 89' lang='lat' dir='ltr'><strong>interdum</strong></span> <span class='ocrx_word' id='word_1_42' title='bbox 1401 1151 1403 1242; x_wconf 43' lang='lat' dir='ltr'><strong>p</strong></span> 
     </span>
     <span class='ocr_line' id='line_1_8' title="bbox 257 1216 1290 1324; baseline -0.007 -21"><span class='ocrx_word' id='word_1_43' title='bbox 257 1221 444 1324; x_wconf 86' lang='lat' dir='ltr'><strong>imposita</strong></span> <span class='ocrx_word' id='word_1_44' title='bbox 469 1233 576 1305; x_wconf 82' lang='lat' dir='ltr'><strong>sunt,</strong></span> <span class='ocrx_word' id='word_1_45' title='bbox 599 1217 699 1296; x_wconf 86' lang='lat' dir='ltr'><strong>vasis</strong></span> <span class='ocrx_word' id='word_1_46' title='bbox 723 1241 807 1294; x_wconf 87' lang='lat' dir='ltr'><strong>sese</strong></span> <span class='ocrx_word' id='word_1_47' title='bbox 833 1216 1143 1296; x_wconf 86' lang='lat' dir='ltr'><strong>decussantibus.</strong></span> <span class='ocrx_word' id='word_1_48' title='bbox 1192 1225 1290 1298; x_wconf 90' lang='lat' dir='ltr'><strong>Non</strong></span> 
     </span>
     <span class='ocr_line' id='line_1_9' title="bbox 254 1329 1290 1438; baseline -0.004 -24"><span class='ocrx_word' id='word_1_49' title='bbox 254 1359 415 1438; x_wconf 81' lang='lat' dir='ltr'><strong>semper</strong></span> <span class='ocrx_word' id='word_1_50' title='bbox 438 1333 670 1412; x_wconf 83' lang='lat' dir='ltr'><strong>membrana</strong></span> <span class='ocrx_word' id='word_1_51' title='bbox 695 1345 763 1420; x_wconf 83' lang='lat' dir='ltr'><strong>est,</strong></span> <span class='ocrx_word' id='word_1_52' title='bbox 787 1329 857 1410; x_wconf 89' lang='lat' dir='ltr'><strong>sed</strong></span> <span class='ocrx_word' id='word_1_53' title='bbox 881 1330 1086 1410; x_wconf 90' lang='lat' dir='ltr'><strong>interdum</strong></span> <span class='ocrx_word' id='word_1_54' title='bbox 1111 1347 1170 1410; x_wconf 87' lang='lat' dir='ltr'><strong>sat</strong></span> <span class='ocrx_word' id='word_1_55' title='bbox 1186 1359 1290 1410; x_wconf 85' lang='lat' dir='ltr'><strong>cras-</strong></span> 
     </span>
     <span class='ocr_line' id='line_1_10' title="bbox 258 1444 1287 1546; baseline -0.002 -20"><span class='ocrx_word' id='word_1_56' title='bbox 258 1473 341 1536; x_wconf 82' lang='lat' dir='ltr'><strong>sus,</strong></span> <span class='ocrx_word' id='word_1_57' title='bbox 367 1462 550 1528; x_wconf 83' lang='lat' dir='ltr'><strong>constans</strong></span> <span class='ocrx_word' id='word_1_58' title='bbox 581 1471 604 1522; x_wconf 94' lang='lat' dir='ltr'><strong>e</strong></span> <span class='ocrx_word' id='word_1_59' title='bbox 635 1444 785 1522; x_wconf 90' lang='lat' dir='ltr'><strong>cellulis</strong></span> <span class='ocrx_word' id='word_1_60' title='bbox 816 1445 1006 1546; x_wconf 82' lang='lat' dir='ltr'><strong>elongatis</strong></span> <span class='ocrx_word' id='word_1_61' title='bbox 1034 1449 1287 1525; x_wconf 76' lang='lat' dir='ltr'><strong>transversim</strong></span> 
     </span>
     <span class='ocr_line' id='line_1_11' title="bbox 254 1559 1289 1665; baseline 0.001 -27"><span class='ocrx_word' id='word_1_62' title='bbox 254 1562 417 1665; x_wconf 81' lang='lat' dir='ltr'><strong>positis,</strong></span> <span class='ocrx_word' id='word_1_63' title='bbox 449 1560 609 1662; x_wconf 87' lang='lat' dir='ltr'><strong>qualem</strong></span> <span class='ocrx_word' id='word_1_64' title='bbox 633 1559 715 1634; x_wconf 93' lang='lat' dir='ltr'><strong>vidi</strong></span> <span class='ocrx_word' id='word_1_65' title='bbox 746 1561 789 1635; x_wconf 89' lang='lat' dir='ltr'><strong>in</strong></span> <span class='ocrx_word' id='word_1_66' title='bbox 813 1559 1015 1658; x_wconf 86' lang='lat' dir='ltr'><strong>legumine</strong></span> <span class='ocrx_word' id='word_1_67' title='bbox 1038 1565 1289 1659; x_wconf 86' lang='lat' dir='ltr'><strong>Hymenaeae</strong></span> 
     </span>
     <span class='ocr_line' id='line_1_12' title="bbox 261 1673 1289 1780; baseline -0.003 -23"><span class='ocrx_word' id='word_1_68' title='bbox 261 1675 481 1757; x_wconf 88' lang='lat' dir='ltr'><strong>Courbaril.</strong></span> <span class='ocrx_word' id='word_1_69' title='bbox 528 1673 767 1753; x_wconf 90' lang='lat' dir='ltr'><strong>Induratum</strong></span> <span class='ocrx_word' id='word_1_70' title='bbox 791 1698 1018 1780; x_wconf 82' lang='lat' dir='ltr'><strong>numquam</strong></span> <span class='ocrx_word' id='word_1_71' title='bbox 1038 1673 1133 1752; x_wconf 86' lang='lat' dir='ltr'><strong>vidi.</strong></span> <span class='ocrx_word' id='word_1_72' title='bbox 1179 1675 1289 1754; x_wconf 86' lang='lat' dir='ltr'><strong>Defi-</strong></span> 
     </span>
     <span class='ocr_line' id='line_1_13' title="bbox 261 1786 1287 1878; baseline -0.001 -11"><span class='ocrx_word' id='word_1_73' title='bbox 261 1792 313 1868; x_wconf 86' lang='lat' dir='ltr'><strong>cit</strong></span> <span class='ocrx_word' id='word_1_74' title='bbox 342 1787 556 1877; x_wconf 91' lang='lat' dir='ltr'><strong>interdum,</strong></span> <span class='ocrx_word' id='word_1_75' title='bbox 588 1788 621 1862; x_wconf 92' lang='lat' dir='ltr'><strong>si</strong></span> <span class='ocrx_word' id='word_1_76' title='bbox 647 1789 787 1865; x_wconf 82' lang='lat' dir='ltr'><strong>cavitas</strong></span> <span class='ocrx_word' id='word_1_77' title='bbox 810 1786 930 1866; x_wconf 89' lang='lat' dir='ltr'><strong>farcta</strong></span> <span class='ocrx_word' id='word_1_78' title='bbox 955 1804 1028 1878; x_wconf 88' lang='lat' dir='ltr'><strong>est,</strong></span> <span class='ocrx_word' id='word_1_79' title='bbox 1054 1813 1129 1866; x_wconf 90' lang='lat' dir='ltr'><strong>nec</strong></span> <span class='ocrx_word' id='word_1_80' title='bbox 1152 1804 1287 1868; x_wconf 86' lang='lat' dir='ltr'><strong>tamen</strong></span> 
     </span>
     <span class='ocr_line' id='line_1_14' title="bbox 261 1927 428 2005; baseline -0.012 -25"><span class='ocrx_word' id='word_1_81' title='bbox 261 1927 428 2005; x_wconf 81' lang='lat' dir='ltr'><strong>semper.</strong></span> 
     </span>
    </p>

    <p class='ocr_par' dir='ltr' id='par_1_4' title="bbox 258 2013 1289 2441">
     <span class='ocr_line' id='line_1_15' title="bbox 353 2013 1288 2120; baseline -0.001 -25"><span class='ocrx_word' id='word_1_82' title='bbox 353 2013 529 2096; x_wconf 84' lang='lat' dir='ltr'><strong>Richard</strong></span> <span class='ocrx_word' id='word_1_83' title='bbox 552 2013 839 2117; x_wconf 88' lang='lat' dir='ltr'><strong>endocarpium</strong></span> <span class='ocrx_word' id='word_1_84' title='bbox 860 2029 975 2096; x_wconf 88' lang='lat' dir='ltr'><strong>vocat</strong></span> <span class='ocrx_word' id='word_1_85' title='bbox 1001 2016 1040 2116; x_wconf 94' lang='lat' dir='ltr'><strong>(l.</strong></span> <span class='ocrx_word' id='word_1_86' title='bbox 1062 2017 1122 2116; x_wconf 81' lang='lat' dir='ltr'><strong>c),</strong></span> <span class='ocrx_word' id='word_1_87' title='bbox 1148 2043 1288 2120; x_wconf 85' lang='lat' dir='ltr'><strong>quam-</strong></span> 
     </span>
     <span class='ocr_line' id='line_1_16' title="bbox 262 2127 1289 2236; baseline -0.004 -24"><span class='ocrx_word' id='word_1_88' title='bbox 262 2157 385 2236; x_wconf 89' lang='lat' dir='ltr'><strong>quam</strong></span> <span class='ocrx_word' id='word_1_89' title='bbox 418 2127 705 2230; x_wconf 87' lang='lat' dir='ltr'><strong>endocarpium</strong></span> <span class='ocrx_word' id='word_1_90' title='bbox 737 2130 871 2230; x_wconf 89' lang='lat' dir='ltr'><strong>potius</strong></span> <span class='ocrx_word' id='word_1_91' title='bbox 903 2131 982 2208; x_wconf 90' lang='lat' dir='ltr'><strong>sint</strong></span> <span class='ocrx_word' id='word_1_92' title='bbox 1014 2131 1225 2211; x_wconf 83' lang='lat' dir='ltr'><strong>columella</strong></span> <span class='ocrx_word' id='word_1_93' title='bbox 1250 2146 1289 2208; x_wconf 90' lang='lat' dir='ltr'><strong>et</strong></span> 
     </span>
     <span class='ocr_line' id='line_1_17' title="bbox 258 2243 1288 2347; baseline -0.006 -21"><span class='ocrx_word' id='word_1_94' title='bbox 258 2247 421 2326; x_wconf 86' lang='lat' dir='ltr'><strong>semina.</strong></span> <span class='ocrx_word' id='word_1_95' title='bbox 482 2244 598 2318; x_wconf 87' lang='lat' dir='ltr'><strong>Dicas</strong></span> <span class='ocrx_word' id='word_1_96' title='bbox 628 2243 904 2321; x_wconf 85' lang='lat' dir='ltr'><strong>membranam</strong></span> <span class='ocrx_word' id='word_1_97' title='bbox 929 2245 1111 2324; x_wconf 90' lang='lat' dir='ltr'><strong>intimam</strong></span> <span class='ocrx_word' id='word_1_98' title='bbox 1134 2245 1288 2347; x_wconf 83' lang='lat' dir='ltr'><strong>peridii,</strong></span> 
     </span>
     <span class='ocr_line' id='line_1_18' title="bbox 261 2354 764 2441; baseline -0.02 -1"><span class='ocrx_word' id='word_1_99' title='bbox 261 2373 330 2441; x_wconf 87' lang='lat' dir='ltr'><strong>aut</strong></span> <span class='ocrx_word' id='word_1_100' title='bbox 353 2355 542 2436; x_wconf 90' lang='lat' dir='ltr'><strong>corticem</strong></span> <span class='ocrx_word' id='word_1_101' title='bbox 566 2354 764 2432; x_wconf 87' lang='lat' dir='ltr'><strong>intimum.</strong></span> 
     </span>
    </p>

    <p class='ocr_par' dir='ltr' id='par_1_5' title="bbox 262 2468 1287 2778">
     <span class='ocr_line' id='line_1_19' title="bbox 356 2468 1287 2575; baseline 0 -27"><span class='ocrx_word' id='word_1_102' title='bbox 356 2477 414 2550; x_wconf 86' lang='lat' dir='ltr'><strong>Ex</strong></span> <span class='ocrx_word' id='word_1_103' title='bbox 442 2468 506 2556; x_wconf 86' lang='lat' dir='ltr'><strong>his</strong></span> <span class='ocrx_word' id='word_1_104' title='bbox 539 2482 661 2570; x_wconf 89' lang='lat' dir='ltr'><strong>patet,</strong></span> <span class='ocrx_word' id='word_1_105' title='bbox 692 2468 873 2546; x_wconf 88' lang='lat' dir='ltr'><strong>indolem</strong></span> <span class='ocrx_word' id='word_1_106' title='bbox 902 2471 1046 2574; x_wconf 85' lang='lat' dir='ltr'><strong>peridii</strong></span> <span class='ocrx_word' id='word_1_107' title='bbox 1077 2473 1120 2550; x_wconf 93' lang='lat' dir='ltr'><strong>in</strong></span> <span class='ocrx_word' id='word_1_108' title='bbox 1144 2473 1287 2575; x_wconf 90' lang='lat' dir='ltr'><strong>plantis</strong></span> 
     </span>
     <span class='ocr_line' id='line_1_20' title="bbox 262 2573 1286 2689; baseline 0.001 -27"><span class='ocrx_word' id='word_1_109' title='bbox 262 2581 532 2662; x_wconf 88' lang='lat' dir='ltr'><strong>describendis</strong></span> <span class='ocrx_word' id='word_1_110' title='bbox 556 2573 776 2660; x_wconf 88' lang='lat' dir='ltr'><strong>accuratius</strong></span> <span class='ocrx_word' id='word_1_111' title='bbox 793 2607 877 2661; x_wconf 89' lang='lat' dir='ltr'><strong>esse</strong></span> <span class='ocrx_word' id='word_1_112' title='bbox 892 2584 1143 2676; x_wconf 87' lang='lat' dir='ltr'><strong>tradendum,</strong></span> <span class='ocrx_word' id='word_1_113' title='bbox 1164 2610 1286 2689; x_wconf 89' lang='lat' dir='ltr'><strong>quam</strong></span> 
     </span>
     <span class='ocr_line' id='line_1_21' title="bbox 262 2695 507 2778; baseline -0.041 -1"><span class='ocrx_word' id='word_1_114' title='bbox 262 2698 348 2778; x_wconf 86' lang='lat' dir='ltr'><strong>fieri</strong></span> <span class='ocrx_word' id='word_1_115' title='bbox 373 2695 507 2774; x_wconf 85' lang='lat' dir='ltr'><strong>solet.</strong></span> 
     </span>
    </p>

    <p class='ocr_par' dir='ltr' id='par_1_6' title="bbox 231 2809 1401 3700">
     <span class='ocr_line' id='line_1_22' title="bbox 306 2809 1285 2912; baseline -0.002 -21"><span class='ocrx_word' id='word_1_116' title='bbox 306 2887 310 2898; x_wconf 81' lang='grc'>,</span> <span class='ocrx_word' id='word_1_117' title='bbox 357 2814 405 2894; x_wconf 89' lang='lat' dir='ltr'><strong>In</strong></span> <span class='ocrx_word' id='word_1_118' title='bbox 444 2809 574 2887; x_wconf 86' lang='lat' dir='ltr'><strong>valvas</strong></span> <span class='ocrx_word' id='word_1_119' title='bbox 613 2811 815 2912; x_wconf 86' lang='lat' dir='ltr'><strong>peridium</strong></span> <span class='ocrx_word' id='word_1_120' title='bbox 859 2811 1127 2894; x_wconf 85' lang='lat' dir='ltr'><strong>indicantibus</strong></span> <span class='ocrx_word' id='word_1_121' title='bbox 1172 2813 1285 2890; x_wconf 89' lang='lat' dir='ltr'><strong>lineis</strong></span> 
     </span>
     <span class='ocr_line' id='line_1_23' title="bbox 262 2923 1285 3029; baseline -0.002 -25"><span class='ocrx_word' id='word_1_122' title='bbox 262 2948 392 3026; x_wconf 81' lang='lat' dir='ltr'><strong>saepe¹</strong></span> <span class='ocrx_word' id='word_1_123' title='bbox 409 2923 581 3012; x_wconf 89' lang='lat' dir='ltr'><strong>divisum</strong></span> <span class='ocrx_word' id='word_1_124' title='bbox 613 2940 687 3013; x_wconf 83' lang='lat' dir='ltr'><strong>est,</strong></span> <span class='ocrx_word' id='word_1_125' title='bbox 718 2953 964 3029; x_wconf 89' lang='lat' dir='ltr'><strong>quamquam</strong></span> <span class='ocrx_word' id='word_1_126' title='bbox 996 2951 1080 3008; x_wconf 92' lang='lat' dir='ltr'><strong>non</strong></span> <span class='ocrx_word' id='word_1_127' title='bbox 1113 2927 1285 3006; x_wconf 89' lang='lat' dir='ltr'><strong>dehiscat</strong></span> 
     </span>
     <span class='ocr_line' id='line_1_24' title="bbox 260 3037 1284 3143; baseline 0.004 -27"><span class='ocrx_word' id='word_1_128' title='bbox 260 3053 301 3116; x_wconf 82' lang='lat' dir='ltr'><strong>et</strong></span> <span class='ocrx_word' id='word_1_129' title='bbox 332 3037 545 3122; x_wconf 79' lang='lat' dir='ltr'><strong>divisiones</strong></span> <span class='ocrx_word' id='word_1_130' title='bbox 574 3053 797 3120; x_wconf 81' lang='lat' dir='ltr'><strong>maturante</strong></span> <span class='ocrx_word' id='word_1_131' title='bbox 826 3041 960 3122; x_wconf 83' lang='lat' dir='ltr'><strong>fructu</strong></span> <span class='ocrx_word' id='word_1_132' title='bbox 990 3067 1106 3143; x_wconf 86' lang='lat' dir='ltr'><strong>saepe</strong></span> <span class='ocrx_word' id='word_1_133' title='bbox 1131 3066 1284 3120; x_wconf 88' lang='lat' dir='ltr'><strong>evanes-</strong></span> 
     </span>
     <span class='ocr_line' id='line_1_25' title="bbox 231 3151 1283 3235; baseline 0.005 -8"><span class='ocrx_word' id='word_1_134' title='bbox 231 3164 359 3229; x_wconf 83' lang='lat' dir='ltr'><strong>¹cant</strong></span> <span class='ocrx_word' id='word_1_135' title='bbox 426 3151 506 3228; x_wconf 89' lang='lat' dir='ltr'><strong>Sed</strong></span> <span class='ocrx_word' id='word_1_136' title='bbox 547 3169 724 3235; x_wconf 87' lang='lat' dir='ltr'><strong>accurate</strong></span> <span class='ocrx_word' id='word_1_137' title='bbox 756 3155 990 3234; x_wconf 88' lang='lat' dir='ltr'><strong>indicandae</strong></span> <span class='ocrx_word' id='word_1_138' title='bbox 1022 3171 1115 3232; x_wconf 86' lang='lat' dir='ltr'><strong>sunt</strong></span> <span class='ocrx_word' id='word_1_139' title='bbox 1140 3157 1194 3232; x_wconf 82' lang='lat' dir='ltr'><strong>olt</strong></span> <span class='ocrx_word' id='word_1_140' title='bbox 1219 3157 1283 3232; x_wconf 84' lang='lat' dir='ltr'><strong>ad-</strong></span> 
     </span>
     <span class='ocr_line' id='line_1_26' title="bbox 259 3262 1283 3368; baseline 0.006 -28"><span class='ocrx_word' id='word_1_141' title='bbox 259 3262 452 3344; x_wconf 87' lang='lat' dir='ltr'><strong>finitatem</strong></span> <span class='ocrx_word' id='word_1_142' title='bbox 485 3265 714 3346; x_wconf 87' lang='lat' dir='ltr'><strong>naturalem.</strong></span> <span class='ocrx_word' id='word_1_143' title='bbox 771 3269 1040 3368; x_wconf 84' lang='lat' dir='ltr'><strong>Pericarpiutn</strong></span> <span class='ocrx_word' id='word_1_144' title='bbox 1064 3271 1283 3348; x_wconf 75' lang='lat' dir='ltr'><strong>vocavenm</strong></span> 
     </span>
     <span class='ocr_line' id='line_1_27' title="bbox 260 3377 1282 3476; baseline 0.004 -22"><span class='ocrx_word' id='word_1_145' title='bbox 260 3378 503 3466; x_wconf 75' lang='lat' dir='ltr'><strong>valvaceum,</strong></span> <span class='ocrx_word' id='word_1_146' title='bbox 534 3377 646 3476; x_wconf 88' lang='lat' dir='ltr'><strong>cujus</strong></span> <span class='ocrx_word' id='word_1_147' title='bbox 677 3381 809 3458; x_wconf 89' lang='lat' dir='ltr'><strong>valvae</strong></span> <span class='ocrx_word' id='word_1_148' title='bbox 840 3382 1033 3460; x_wconf 87' lang='lat' dir='ltr'><strong>indicatae</strong></span> <span class='ocrx_word' id='word_1_149' title='bbox 1058 3399 1167 3472; x_wconf 86' lang='lat' dir='ltr'><strong>sunt,</strong></span> <span class='ocrx_word' id='word_1_150' title='bbox 1193 3411 1282 3460; x_wconf 88' lang='lat' dir='ltr'><strong>cum</strong></span> 
     </span>
     <span class='ocr_line' id='line_1_28' title="bbox 261 3491 1281 3596; baseline 0.007 -28"><span class='ocrx_word' id='word_1_151' title='bbox 261 3491 645 3574; x_wconf 86' lang='lat' dir='ltr'><strong>cvalvc·multivalve</strong></span> <span class='ocrx_word' id='word_1_152' title='bbox 672 3494 835 3582; x_wconf 84' lang='lat' dir='ltr'><strong>dicatur,</strong></span> <span class='ocrx_word' id='word_1_153' title='bbox 860 3494 973 3596; x_wconf 91' lang='lat' dir='ltr'><strong>quod</strong></span> <span class='ocrx_word' id='word_1_154' title='bbox 997 3497 1040 3571; x_wconf 92' lang='lat' dir='ltr'><strong>in</strong></span> <span class='ocrx_word' id='word_1_155' title='bbox 1065 3498 1193 3574; x_wconf 90' lang='lat' dir='ltr'><strong>valvas</strong></span> <span class='ocrx_word' id='word_1_156' title='bbox 1218 3498 1281 3574; x_wconf 85' lang='lat' dir='ltr'><strong>da·</strong></span> 
     </span>
     <span class='ocr_line' id='line_1_29' title="bbox 260 3605 1401 3700; baseline 0.002 -18"><span class='ocrx_word' id='word_1_157' title='bbox 260 3605 383 3682; x_wconf 86' lang='lat' dir='ltr'><strong>hiscat</strong></span> <span class='ocrx_word' id='word_1_158' title='bbox 407 3629 480 3682; x_wconf 86' lang='lat' dir='ltr'><strong>nec</strong></span> <span class='ocrx_word' id='word_1_159' title='bbox 504 3631 565 3683; x_wconf 90' lang='lat' dir='ltr'><strong>ne.</strong></span> <span class='ocrx_word' id='word_1_160' title='bbox 955 3637 957 3644; x_wconf 93' lang='lat'>·</span> <span class='ocrx_word' id='word_1_161' title='bbox 1400 3679 1401 3700; x_wconf 64' lang='grc'>,</span> 
     </span>
    </p>

    <p class='ocr_par' dir='ltr' id='par_1_7' title="bbox 305 3719 1401 3832">
     <span class='ocr_line' id='line_1_30' title="bbox 305 3719 1282 3819; baseline 0.004 -21.183"><span class='ocrx_word' id='word_1_162' title='bbox 305 3723 401 3798; x_wconf 91' lang='lat' dir='ltr'><strong>In</strong></span> <span class='ocrx_word' id='word_1_163' title='bbox 430 3720 548 3798; x_wconf 91' lang='lat' dir='ltr'><strong>valvis</strong></span> <span class='ocrx_word' id='word_1_164' title='bbox 581 3720 860 3819; x_wconf 79' lang='lat' dir='ltr'><strong>distinguimus</strong></span> <span class='ocrx_word' id='word_1_165' title='bbox 893 3719 1075 3812; x_wconf 88' lang='lat' dir='ltr'><strong>dorsum,</strong></span> <span class='ocrx_word' id='word_1_166' title='bbox 1107 3740 1282 3802; x_wconf 88' lang='lat' dir='ltr'><strong>ventrem</strong></span> 
     </span>
    </p>

    <p class='ocr_par' dir='ltr' id='par_1_8' title="bbox 218 3833 1401 4051">
     <span class='ocr_line' id='line_1_31' title="bbox 218 3833 1401 3936; baseline 0.01 -29"><span class='ocrx_word' id='word_1_167' title='bbox 218 3873 222 3886; x_wconf 82' lang='lat'><strong>·</strong></span> <span class='ocrx_word' id='word_1_168' title='bbox 260 3847 298 3908; x_wconf 93' lang='lat' dir='ltr'><strong>et</strong></span> <span class='ocrx_word' id='word_1_169' title='bbox 329 3833 533 3932; x_wconf 83' lang='lat' dir='ltr'><strong>margines.</strong></span> <span class='ocrx_word' id='word_1_170' title='bbox 592 3839 695 3912; x_wconf 84' lang='lat' dir='ltr'><strong>Sunt</strong></span> <span class='ocrx_word' id='word_1_171' title='bbox 723 3834 863 3936; x_wconf 88' lang='lat' dir='ltr'><strong>planae</strong></span> <span class='ocrx_word' id='word_1_172' title='bbox 895 3850 962 3914; x_wconf 92' lang='lat' dir='ltr'><strong>aut</strong></span> <span class='ocrx_word' id='word_1_173' title='bbox 999 3862 1194 3915; x_wconf 87' lang='lat' dir='ltr'><strong>convexae</strong></span> <span class='ocrx_word' id='word_1_174' title='bbox 1219 3855 1283 3918; x_wconf 90' lang='lat' dir='ltr'><strong>aut</strong></span> <span class='ocrx_word' id='word_1_175' title='bbox 1400 3851 1401 3858; x_wconf 78' lang='grc'>’</span> 
     </span>
     <span class='ocr_line' id='line_1_32' title="bbox 258 3939 1401 4051; baseline 0.008 -31"><span class='ocrx_word' id='word_1_176' title='bbox 258 3961 492 4036; x_wconf 87' lang='lat' dir='ltr'><strong>contractae,</strong></span> <span class='ocrx_word' id='word_1_177' title='bbox 524 3947 641 4034; x_wconf 85' lang='lat' dir='ltr'><strong>unde</strong></span> <span class='ocrx_word' id='word_1_178' title='bbox 670 3948 998 4051; x_wconf 87' lang='lat' dir='ltr'><strong>dissepimentum</strong></span> <span class='ocrx_word' id='word_1_179' title='bbox 1030 3952 1149 4030; x_wconf 85' lang='lat' dir='ltr'><strong>valvis</strong></span> <span class='ocrx_word' id='word_1_180' title='bbox 1190 3978 1281 4030; x_wconf 88' lang='lat' dir='ltr'><strong>con·</strong></span> <span class='ocrx_word' id='word_1_181' title='bbox 1400 3939 1401 4008; x_wconf 73' lang='lat' dir='ltr'><strong>l</strong></span> 
     </span>
    </p>
   </div>
   <div class='ocr_carea' id='block_1_3' title="bbox 256 4060 1156 4165">
    <p class='ocr_par' dir='ltr' id='par_1_9' title="bbox 256 4060 1156 4165">
     <span class='ocr_line' id='line_1_33' title="bbox 256 4060 1156 4165; baseline 0.004 -25"><span class='ocrx_word' id='word_1_182' title='bbox 256 4060 643 4164; x_wconf 83' lang='lat' dir='ltr'><strong>trarium,quod1n</strong></span> <span class='ocrx_word' id='word_1_183' title='bbox 667 4063 794 4163; x_wconf 87' lang='lat' dir='ltr'><strong>planis</strong></span> <span class='ocrx_word' id='word_1_184' title='bbox 818 4063 1060 4165; x_wconf 82' lang='lat' dir='ltr'><strong>parallelum</strong></span> <span class='ocrx_word' id='word_1_185' title='bbox 1154 4142 1156 4144; x_wconf 82' lang='grc'><strong>,</strong></span> 
     </span>
    </p>
   </div>
   <div class='ocr_carea' id='block_1_4' title="bbox 0 0 1422 4878">
    <p class='ocr_par' dir='ltr' id='par_1_10' title="bbox 0 0 1422 4878">
     <span class='ocr_line' id='line_1_34' title="bbox 0 0 1422 4878; baseline 0 3"><span class='ocrx_word' id='word_1_186' title='bbox 0 0 1422 4878; x_wconf 95' lang='lat' dir='ltr'><strong> </strong></span> 
     </span>
    </p>
   </div>
  </div>
 </body>
</html>
