2840 4878
127 379 131 395 *
206 349 210 358 “
260 371 331 450 144
658 313 883 448 'cautis
1005 425 1012 440 .

258 589 374 679 mori,
397 587 457 666 uti
481 589 650 690 primus,
684 587 753 688 qui
785 585 858 663 hac
884 583 935 662 de
959 607 1002 662 re
1027 575 1184 688 scripsit
1202 589 1284 664 Do-

260 704 347 781 dart
379 703 522 809 (Mem.
556 702 606 779 de
630 701 716 778 l’Ac.
744 698 780 774 d.
807 704 866 790 Sc.
892 703 1016 788 1700„
1042 699 1106 776 alii
1130 700 1284 788 lumini,

259 819 321 896 'alii
355 818 546 917 gravitati.
585 816 649 890 alii
681 829 763 890 tam
794 815 938 891 lumini
964 815 1087 917 quam
1111 815 1285 914 gravitati

257 935 482 1010 tribuerunt
512 931 660 1004 hancce
692 928 973 1016 directionem,
1013 953 1115 1030 quae
1149 942 1285 1004 contra

260 1044 459 1124 obstacula
491 1041 702 1145 perficitur.
768 1044 884 1120 Varia
918 1043 1180 1144 experimenta
1211 1044 1286 1118 hac

208 1235 211 1240 .
260 1161 311 1236 de
328 1146 379 1234 le
396 1157 563 1234 instituit
581 1156 637 1232 du
652 1156 792 1233 Hamel
810 1157 981 1258 (Physiq.
1009 1156 1045 1232 d.
1063 1157 1161 1232 arbr.
1185 1159 1225 1231 L.
1251 1159 1285 1230 l.

260 1277 301 1352 G.
319 1275 351 1349 l.
371 1275 413 1360 l,
429 1277 463 1348 6.
489 1271 566 1348 Cfr.
585 1272 803 1370 Nachuoge
821 1299 853 1346 z.
871 1271 907 1347 d.
926 1270 1091 1348 Grundl.
1110 1269 1146 1345 d.
1163 1271 1233 1346 An.
1252 1275 1285 1346 l.

258 1417 295 1491 p.
320 1388 420 1485 39.),
452 1411 553 1488 quae
578 1385 753 1487 probant
777 1411 912 1461 causas
937 1386 1067 1462 allatas
1093 1407 1177 1458 non
1202 1381 1285 1457 suf-

259 1503 377 1579 ficere
409 1499 460 1575 ad
498 1498 801 1601 producendam
838 1500 987 1576 hancce
1024 1495 1285 1574 directionem

259 1615 497 1710 immediate.
562 1613 742 1690 Keithius
790 1614 923 1714 itaque
972 1609 1284 1711 (Physiological

259 1733 397 1808 Botan.
428 1731 462 1803 2
495 1751 532 1828 p.
556 1729 640 1826 27.)
666 1729 799 1803 nisum
823 1728 941 1802 istum
968 1727 1009 1802 in
1037 1726 1160 1800 altum
1185 1749 1285 1800 cres-

159 1866 171 1881 *
262 1839 377 1920 cendi
406 1842 579 1917 similem
615 1866 697 1919 esse
720 1841 797 1927 illi,
835 1865 957 1943 quem
989 1840 1218 1916 instinctum
1242 1839 1284 1914 in

262 1957 497 2034 ¹animalibus
528 1969 686 2046 vocant,
730 1954 926 2044 adfirmat,
963 1977 1037 2028 nec
1067 1954 1179 2039 male.
1236 1956 1286 2030 At

262 2096 364 2174 opus
397 2085 470 2159 est,
510 2084 557 2145 ut
587 2070 660 2146 iste
689 2069 896 2145 instinctus
927 2067 1211 2144 determinetur
1248 2079 1286 2144 et

202 2217 205 2219 ·
262 2185 427 2288 quidem
451 2199 534 2260 tam
559 2197 731 2273 externe,
758 2209 879 2284 quam
904 2183 1068 2258 interne.

264 2321 267 2326 ·
357 2303 454 2374 Post
484 2302 713 2373 Hunt'erum
749 2296 958 2395 Knightius
995 2295 1190 2394 singulare
1224 2292 1312 2369 in-'

262 2411 386 2487 stituit
419 2411 731 2512 experimentum
764 2409 1051 2511 (Philosophic.
1089 2414 1284 2486 Transact

260 2523 286 2599 f.
313 2527 417 2599 1816.
443 2551 479 2625 p.
504 2523 566 2621 5.).
617 2524 777 2600 Semina
800 2537 913 2600 rotae*
926 2523 969 2597 in
988 2523 1178 2600 circulum
1197 2547 1285 2598 mo·

260 2651 323 2714 tae
352 2637 560 2738 imposuit,
595 2649 633 2712 et
662 2637 780 2724 vidit,
812 2636 1030 2713 radiculam
1054 2661 1188 2714 versus
1217 2661 1285 2739 pe-

259 2751 485 2853 ripheriam,
508 2751 732 2852 plumulam
748 2775 882 2828 versus
899 2764 1079 2828 centrum
1104 2775 1284 2828 crescere.
1410 2763 1411 2776 ¹

262 2871 354 2960 Quo
381 2865 546 2942 celerior
570 2880 652 2941 erat
675 2879 819 2953 motus,
846 2891 893 2942 eo
919 2867 1042 2965 magis
1069 2893 1088 2942 a
1117 2865 1284 2942 naturali

262 2980 492 3082 aberrabant
526 2979 750 3056 directione.
809 2985 915 3056 Tum
946 2980 1167 3056 Dutrochet
1198 3003 1285 3054 rem

262 3095 447 3169 accuratis
481 3094 754 3193 experimentis
784 3081 886 3170 benc
919 3094 1127 3195 explicavit
1176 3091 1287 3168 Vidit

260 3207 319 3284 uti
350 3205 560 3302 Knightius
578 3205 808 3306 plumulam
832 3231 966 3284 versus
992 3221 1171 3294 centrum
1195 3230 1285 3280 mo-

260 3331 342 3405 tus,
374 3315 593 3394 radiculam
631 3345 768 3397 versus
803 3320 1066 3422 peripheriam
1111 3344 1287 3398 crescen-

260 3447 352 3510 tem.
404 3406 468 3506 Sic
492 3456 656 3532 quoque
673 3434 779 3510 vidit
802 3458 938 3510 semen
964 3433 1007 3506 in
1024 3447 1109 3508 rota
1126 3445 1286 3510 motum

262 3558 300 3622 et
341 3544 486 3620 crebris
522 3548 844 3646 percussionibus
880 3570 1014 3621 versus
1053 3545 1285 3621 alterutrum

261 3657 361 3735 latus
388 3658 575 3757 agitatum
599 3659 651 3734 ita
676 3660 912 3756 germinare,
937 3675 983 3736 ut
994 3661 1177 3762 plumula
1192 3685 1286 3736 con·
1331 3758 1333 3762 Ι

261 3787 319 3848 tra
343 3771 610 3854 'directionem
642 3786 793 3861 motus,
834 3774 1008 3852 radicula
1041 3799 1134 3850 vero
1159 3775 1201 3850 in
1227 3773 1286 3849 di·

261 3883 436 3962 rectione
466 3879 601 3963 motus
633 3901 785 3963 crescat
845 3889 971 3964 Simili
995 3887 1191 3964 modom
1215 3887 1285 3963 tel-

261 3995 358 4075 luris
391 3999 600 4122 superficie
631 3999 894 4080 radiculam
881 4027 924 4078 m
960 3988 1177 4079 directione
1202 4026 1285 4099 gra-

316 4141 319 4150 ·
1192 4115 1285 4189 vita-
