2852 4872
273 381 352 502 aas
549 406 553 422 ·
680 369 983 462 sununs

373 583 540 656 Gemma
573 593 631 654 est
663 602 707 656 ea
739 605 829 681 pars
861 579 1031 681 plantae,
1065 603 1167 683 quae
1191 579 1304 657 rudi·
1334 583 1337 588 ’

275 707 458 771 mentum
488 692 612 770 futuri
649 694 882 770 incrementi
924 697 1098 772 continet
1142 699 1300 772 Willde·

275 812 390 885 now’s
436 809 600 886 Grundr.
649 809 685 884 d.
723 807 1013 888 Krduterltunde
1048 813 1077 908 5.
1115 815 1173 886 66.
1238 811 1300 886 Sic

273 919 356 998 fere
382 945 523 998 omnes
548 927 746 1010 ductores,
773 947 865 998 cum
890 938 1023 1002 tamen
1050 951 1190 1000 omnes
1220 923 1301 1000 for·

275 1061 361 1112 mas
377 1035 458 1111 huc
475 1037 722 1138 pertinentes,
741 1036 789 1114 ad
808 1061 983 1135 gemmas
1000 1063 1085 1115 non
1103 1037 1280 1114 reserant.

372 1155 563 1227 Gammae
580 1176 650 1226 seu
665 1152 901 1249 embryones
914 1154 979 1230 fixi
994 1157 1084 1252 (sec.
1099 1153 1301 1248 Thouars)

274 1279 366 1342 sunt
391 1291 556 1367 corpora
574 1263 830 1367 productoria
848 1291 932 1372 non
954 1267 1172 1353 fecundata,
1190 1265 1303 1343 nuda

276 1395 351 1458 aut
368 1405 598 1482 squamosa,
624 1378 757 1455 nodos
781 1381 916 1470 vitales
938 1407 1013 1483 pro
1043 1394 1303 1481 conceptacu-

273 1496 321 1572 lis
358 1493 542 1570 habentia
574 1495 751 1594 squamis
782 1496 951 1584 munita,
991 1521 1167 1598 quorum
1201 1507 1303 1570 exte-

273 1611 398 1685 riores
424 1607 707 1706 cotyledonum
732 1633 899 1685 munere
923 1608 1155 1708 funguntur.
1201 1611 1304 1686 Tur-

271 1725 689 1829 plia.Ess.,d’1'conogr.
713 1753 749 1824 p„
776 1727 834 1799 66.
1099 1745 1102 1750 ’

234 1913 236 1920 .
372 1842 540 1925 Gemma
580 1852 637 1913 est
669 1837 945 1914 rudimentum
976 1837 1179 1936 (Aulage)
1215 1861 1303 1924 non

275 1953 479 2030 evolutum
510 1952 552 2030 iu
584 1951 715 2052 planta
748 1952 916 2044 evoluta.
965 1954 1058 2038 Nees
1083 1952 1133 2038 ab
1159 1948 1301 2036 Esenb.

274 2067 430 2158 Handd.
457 2069 493 2142 d.
520 2066 607 2142 Bot.
635 2071 667 2140 l.
689 2095 726 2169 p.
755 2070 836 2144 461.

262 2319 375 2411 126.
431 2315 682 2408 Gemmae
731 2298 991 2406 tizdioz'duum
1033 2323 1298 2416 continuant,
1407 2399 1408 2406 a

340 2483 457 2548 cum
485 2457 684 2568 semina
716 2456 911 2575 speciem*
924 2461 1189 2576 propagent.
1324 2506 1327 2513 ·

373 2651 595 2727 Insertiune
620 2671 799 2748 gemmae
823 2650 866 2726 in
892 2649 1007 2726 aliam
1031 2649 1206 2752 plantam
1236 2663 1304 2724 aut

273 2766 391 2852 rami,
436 2764 479 2840 in
524 2790 606 2866 (luo
644 2788 825 2862 gemmae
867 2764 1117 2864 evolvuntur,
1159 2763 1302 2840 indivi-

276 2879 421 2969 duum,
454 2879 598 2956 iisdem
623 2875 920 2967 variationibus
952 2877 1068 2966 vitiis,
1097 2877 1302 2978 perfectio-

274 2994 395 3072 nibus
426 2993 665 3082 continuari,
699 2995 889 3072 arborum
928 2992 1046 3068 docet
1084 2990 1301 3071 fructifera-

274 3132 366 3182 rum
392 3106 553 3183 cultura.

373 3222 531 3296 Semina
568 3244 663 3296 vero
707 3222 829 3296 varias
869 3215 1019 3294 formas
1059 3219 1301 3320 producunt,

277 3357 379 3434 quae
411 3357 501 3408 ram
539 3335 691 3434 parenti
727 3336 780 3430 ita
813 3332 960 3409 similes
989 3349 1098 3420 sunt,
1129 3347 1174 3410 ut
1194 3330 1303 3429 ejus„

276 3445 369 3522 dem
402 3448 654 3536 variationes,
691 3449 795 3536 vitia,
831 3443 1173 3548 perfectionesque
1209 3445 1301 3522 red·

276 3559 378 3637 dant.
414 3563 573 3662 Species
588 3561 757 3638 efficitur
775 3558 970 3658 ejusmodi
994 3561 1217 3638 formarum
1234 3579 1298 3636 va·-

273 3673 450 3751 riatione.
510 3674 624 3752 Idem
662 3676 713 3752 de
751 3674 934 3777 qualitate
971 3697 1135 3778 quoque
1167 3673 1297 3750 dicere

274 3789 371 3866 licet.

370 3903 579 3980 Hortulani
618 3929 710 3980 cum
746 3905 920 4007 plantam
957 3902 1143 4001 singulari
1184 3901 1295 3981 floris

275 4017 503 4114 conditione
529 4033 596 4096 aut
620 4019 753 4097 colore
777 4041 993 4122 propagare
1019 4017 1188 4106 student,
1209 4043 1293 4098 non

275 4129 595 4209 disseminatione
625 4131 668 4209 id
698 4133 883 4234 praestari
916 4133 1018 4209 bene
1051 4135 1202 4221 sciunt,
1223 4131 1294 4211 sed

632 4261 640 4276 ·
1210 4247 1293 4322 aliis
