2840 4878
258 367 329 442 12⁴
665 363 864 442 Rsntx.

353 563 560 650 Gemmas,
591 561 650 639 uti
681 560 986 664 supradictum
1018 575 1097 650 est,
1134 561 1285 663 absque

255 673 355 752 folio
388 675 431 750 in
460 674 594 752 radice
625 673 811 752 oriuntur
841 689 882 752 et
916 677 1065 778 absque
1087 673 1151 751 his
1175 674 1285 752 nulla

256 813 421 891 quoque
445 786 541 866 folia
564 789 607 866 in
630 786 764 865 radice
788 787 1057 869 observantur.
1112 793 1195 866 Nec
1219 815 1283 866 va-

255 904 368 1002 ginae
394 898 551 990 adsunt,
585 915 624 980 et
648 901 911 980 certissimum
935 903 1095 1002 signum
1120 915 1192 991 est,
1222 928 1283 979 ra-

256 1016 386 1096 dicem
410 1039 495 1092 non
521 1041 604 1094 esse
626 1042 771 1106 veram,
795 1017 866 1094 ubi
891 1015 1281 1118 vaginaereperiun-

254 1146 329 1210 tur.
402 1130 577 1234 Stipulae
622 1130 729 1209 soliis
778 1129 976 1209 adstantes
1022 1154 1109 1207 non
1147 1130 1283 1208 minus

257 1245 410 1324 desunt
433 1307 440 1322 ..

350 1363 434 1436 Nec
465 1356 615 1461 spinae,
646 1381 721 1436 nec
752 1359 894 1448 andei,
923 1383 997 1436 nec
1021 1357 1183 1458 strigae,
1208 1381 1282 1434 nec

257 1473 330 1552 alia
361 1469 595 1570 hujusmodi
627 1471 752 1550 fulcra
776 1473 820 1550 in
843 1473 987 1551 radice·
1000 1487 1164 1575 reperta·
1178 1485 1281 1548 sunt.

254 1589 334 1670 Ubi
366 1588 505 1686 strigae
535 1585 693 1676 adsunt,
726 1587 887 1688 signum
924 1611 1089 1690 quoque
1121 1601 1195 1674 est,
1217 1612 1280 1662 ra·

256 1704 385 1782 dicem
409 1727 542 1778 veram
565 1726 651 1778 non
676 1726 769 1780 esse.
817 1701 1084 1779 Remulorum
1107 1701 1220 1778 bases
1237 1701 1279 1778 in

254 1816 400 1895 Palmis
422 1815 625 1892 interdurn
651 1813 925 1893 aculeiformes
951 1814 1139 1904 evadunt,
1168 1839 1279 1918 prae-

253 1930 389 2010 sertim
414 1953 507 2006 cum
533 1955 628 2031 apex
652 1928 801 2009 fatiscit

332 2047 411 2120 ·De
438 2042 717 2142 integumentis
749 2069 868 2148 supra
900 2042 1068 2128 dictum;
1098 2042 1168 2144 pili
1193 2065 1277 2118 non

232 2182 342 2238 raro
367 2157 411 2234 in
433 2155 615 2236 radicum
639 2159 821 2248 ramulis,
851 2155 1120 2257 radiculisque
1145 2153 1278 2236 obser·

252 2287 402 2350 vantur.
465 2274 516 2349 At
552 2270 686 2350 clavati
717 2297 805 2349 non
837 2284 946 2359 sunt,
992 2293 1066 2346 nec
1113 2268 1279 2371 capitati,

252 2411 326 2466 nec
348 2383 497 2485 septati.

273 2539 277 2552 ·
348 2496 555 2599 Ampullae
580 2512 674 2576 sunt
695 2512 824 2600 partes
847 2497 1132 2602 sphaeroideae
1153 2519 1277 2584 cavae,

247 2621 433 2714 ‘apertura
468 2610 650 2713 obliqua,
682 2639 704 2690 e
742 2627 927 2692 contextu
951 2613 1141 2690 celluloso
1168 2634 1277 2688 com-

251 2726 419 2829 positae,
452 2727 584 2802 adrem
618 2727 873 2806 continentes.
928 2728 1047 2805 Labia
1072 2739 1277 2828 aperturae

251 2841 305 2918 ita
341 2839 568 2929 connivent,
612 2855 659 2918 ut
698 2831 831 2920 adrem
871 2841 1033 2918 nonnisi
1072 2839 1276 2941 pressione

252 2952 438 3032 emittant.
494 2957 542 3032 In
579 2954 723 3055 plantis
764 2955 950 3058 aquaticis
990 2951 1273 3062 tantummodo
1414 2989 1415 3062 γ

251 3067 502 3169 reperiuntur
526 3081 565 3144 et
589 3067 1017 3166 Utriculariavulgaris
1031 3080 1123 3142 tarn
1146 3067 1189 3142 in
1214 3061 1275 3144 rd-

254 3178 357 3267 dice,
391 3203 512 3281 quam
542 3180 586 3256 in
614 3181 729 3260 soliis
767 3183 895 3258 habet
958 3183 1003 3259 U.
1039 3177 1275 3262 intermedia

252 3292 412 3370 nonnisi
438 3293 480 3370 in
504 3292 647 3371 radice..
695 3281 920 3395 singulares
944 3307 1037 3372 sunt
1059 3307 1188 3396 partes
1205 3292 1274 3370 de·

252 3429 336 3482 nuo
363 3405 653 3486 examinandae.-

253 3659 325 3752 81.
363 3657 816 3780 ⁴Metamorphosis
867 3658 1049 3751 radicis
1099 3655 1157 3749 fit
1201 3695 1272 3749 ro·
1354 3679 1358 3686 ·

314 3803 434 3892 dioto
476 3804 585 3920 ligni
615 3815 787 3892 versus
827 3799 1172 3922 peripheriam
1207 3805 1271 3888 ἰη-

262 4027 265 4034 ,
315 3959 547 4040 cremento,
569 3969 667 4037 nec
696 3971 806 4034 non
828 3942 1146 4060 ranuficatione
1166 3938 1271 4031 abs-

316 4107 413 4198 que
444 4082 665 4196 gemmis.
707 4115 726 4206 ,j
