2852 4872
585 360 747 456 ntus.
1100 362 1175 443 ata

159 581 322 658 quoque
360 557 405 646 in
445 555 584 635 orbem
626 556 765 658 positis
804 579 889 633 uon
923 557 1055 636 solum
1082 584 1174 638 um-

157 667 257 752 bella
289 669 534 758 universalis,
568 669 638 746 sed
656 693 834 773 ¹quoque
865 670 1175 775 partialislaaepe

103 789 116 820 ⁴
157 783 280 864 cincta
312 798 382 872 est,
416 807 533 884 quae
550 783 801 861 involucrum
832 797 871 860 et
892 783 1174 870 involucellum

155 912 355 976 vocantur.
414 897 540 996 (Male
574 896 712 974 dicunt
734 896 935 974 involucra
960 912 999 977 et
1020 896 1175 981 involu-

157 1010 268 1100 cella,
318 1035 418 1113 quae
467 1011 662 1088 involucri
704 1025 743 1090 et
779 1011 1003 1088 involucelli
1043 1011 1175 1113 phylla

156 1125 281 1222 sunt).
341 1126 442 1202 Hinc
479 1123 531 1202 ad
566 1123 677 1201 floris
714 1123 894 1222 habiturn
933 1139 972 1202 et
1001 1126 1192 1222 umbella,

155 1237 384 1316 universalis
428 1237 584 1314 accedit
649 1239 751 1314 Rern
794 1236 1031 1334 confirmant
1072 1240 1174 1327 radii

155 1364 248 1452 post
270 1351 558 1428 florescentiam
581 1365 699 1428 motu
720 1347 826 1426 vitali
850 1375 934 1429 non
958 1377 1064 1442 raro,
1090 1376 1175 1452 ag,

155 1465 198 1544 in
221 1466 367 1542 Daucis
392 1465 656 1542 conniventes.
991 1525 994 1538 .

157 1659 163 1670 ,
252 1578 482 1682 Capitulum
506 1577 772 1676 Eryngiomm
798 1576 847 1654 ad
873 1578 1061 1658 anthodia
1076 1605 1175 1678 vera,

154 1691 197 1770 ni
221 1689 353 1779 fallor,
378 1691 515 1768 referri
539 1704 678 1792 potest

254 1807 408 1907 Spicula
446 1805 683 1882 Graminum
721 1828 743 1880 e
774 1804 938 1882 bracteis
967 1809 1176 1910 praecipue

156 1930 323 2005 constat,
357 1931 395 1994 et
425 1917 603 1994 bracteae
627 1916 738 1993 utin
763 1919 959 2016 Vaginatis
984 1943 1006 1998 e
1029 1921 1176 2020 vaginis

154 2029 349 2107 foliorum
383 2045 491 2114 ortae
523 2044 625 2108 sunt.
682 2028 831 2128 Calycis
854 2032 980 2110 valvae
1003 2034 1176 2122 bracteae

156 2165 240 2222 esse
274 2167 296 2219 e
320 2142 489 2226 floribus
512 2144 614 2222 intra
639 2143 808 2242 calycem
833 2171 948 2247 saepe
971 2146 1176 2250 pedicella,

154 2257 204 2337 tis
234 2256 325 2332 satis
351 2270 510 2332 constat.
538 2255 744 2336 ·Corolla'e
767 2257 918 2336 valvam
944 2260 1176 2341 exteriorem

153 2369 351 2447 bracteam
377 2394 460 2446 esse
484 2394 568 2446 non
594 2371 727 2448 solum
751 2371 1058 2462 esimilitudiue,
1075 2395 1176 2474 quae

153 2485 257 2562 iuter
279 2483 381 2563 hanc
406 2498 444 2561 et
468 2484 607 2582 calycis
631 2484 944 2576 valvasobtinet,
973 2486 1175 2584 cognosci-

153 2612 234 2684 tur,
259 2597 328 2674 sed
355 2621 518 2698 quoque
543 2622 564 2673 e
589 2597 679 2690 situ⁴
692 2612 731 2675 et
753 2613 892 2678 natura
915 2597 1092 2679 valvulae
1114 2599 1176 2692 ina

152 2708 320 2793 terioris.
368 2712 605 2796 Haecenim
629 2711 673 2794 in
700 2711 953 2806 Graminibus
985 2711 1176 2802 multlflttr

153 2822 209 2900 ris
239 2822 357 2914 intus,
377 2822 475 2898 flexa
506 2848 551 2900 ex
582 2823 722 2916 eadem
750 2825 835 2912 basi
861 2827 982 2916 exite
1007 2848 1177 2936 quape·

156 2935 320 3022 dicellus
356 2935 468 3015 floris
509 2939 725 3039 superioria
744 2937 985 3028 adscendit,
1011 2951 1050 3016 et
1081 2961 1175 3019 cun·

156 3047 250 3128 dem
281 3049 401 3126 situm
426 3048 561 3138 habet,
594 3077 717 3152 quem
740 3067 936 3134 monstrat
956 3052 1095 3150 vagina
1117 3077 1176 3138 ra-

154 3188 335 3250 morum,
369 3162 490 3242 dorso
523 3164 669 3241 scilicet
697 3188 832 3256 versue
864 3165 1043 3250 culmum
1082 3189 1178 3244 cort-

153 3299 289 3366 verso,
315 3275 428 3377 quod
456 3277 499 3354 in
523 3276 643 3356 hacce
674 3276 826 3356 valvula
849 3303 984 3359 versus
1007 3277 1176 3381 pcdicel-

153 3389 239 3477 lum
272 3389 488 3490 superioris
518 3389 629 3469 floris
656 3393 910 3484 convertitur,
935 3393 1049 3473 sicuti
1072 3393 1178 3472 bene

155 3503 334 3605 exposuit
366 3504 521 3605 Turpio
555 3505 759 3602 (Memoir.
791 3505 827 3584 d.
851 3501 1048 3587 Museom.
1073 3509 1117 3586 Τ.
1141 3509 1176 3582 b

153 3643 190 3718 p.
215 3618 332 3715 426.)
387 3622 504 3714 Putat
533 3618 593 3692 vir
622 3618 742 3697 celeb.
773 3621 955 3718 vaginam
977 3621 1093 3698 istam
1116 3642 1176 3703 ra·

154 3754 286 3806 meam
312 3730 513 3826 e‘duabue
539 3755 622 3811 esee
647 3733 840 3824 coalitam,
864 3732 1029 3820 utinde
1053 3731 1175 3817 eiltlm

153 3842 260 3920 soliis
297 3845 527 3946 oppositum
562 3847 741 3947 explicet,
780 3847 849 3946 qui
874 3847 1012 3944 vagina
1035 3845 1108 3930 ieta
1131 3841 1217 3928 itt,-

155 3955 254 4034 duas
293 3958 421 4043 soluta
455 3959 624 4043 lateralia
643 3959 726 4048 „fin
764 3974 817 4047 ‚ut
858 3961 899 4042 iu
936 3953 1176 4056 tegminibus

153 4091 403 4169 gemmatum
433 4097 517 4153 esse
549 4071 1035 4162 sententiarum
1066 4084 1176 4158 aaut·

795 4185 876 4263 17·

721 4459 757 4498 s
