2838 4874
247 335 320 412 rso
377 275 380 279 ⁸
574 333 942 458 orototuca.

181 661 184 669 ·
246 637 348 729 933.
409 639 702 755 llb'graliones
744 635 1029 754 plantarum
1066 647 1153 754 aut
1186 663 1271 723 na·

305 788 420 864 tura
452 787 537 864 aut
567 789 674 866 arte
704 771 834 864 fiunt
864 801 954 864 seu
985 774 1190 864 cultura.

343 983 506 1062 Cultura
538 985 680 1061 eloco
714 983 756 1059 in
787 983 924 1060 locum
955 984 1272 1085 transportantur

244 1121 330 1175 non
354 1097 488 1174 solum
511 1098 666 1202 plantae
689 1099 862 1186 usitatae,
887 1096 957 1174 sed
983 1121 1148 1200 quoque
1173 1095 1270 1174 aliae
1407 1151 1408 1202 3

244 1213 348 1290 inter
372 1212 492 1290 cultas
516 1213 801 1314 provenientes.

216 1418 220 1422 ¹
340 1327 569 1404 Plantarum
602 1327 797 1404 cultarum
828 1325 990 1402 historia
1021 1323 1155 1424 magni
1180 1347 1269 1400 mo·
1407 1329 1408 1352 ¹

242 1441 370 1517 menti
402 1454 459 1518 est
490 1465 575 1517 non
605 1441 738 1518 solum
772 1439 822 1516 ad
860 1439 1067 1520 historiam
1100 1438 1267 1516 humani

243 1555 416 1653 generis,
449 1554 518 1631 sed
551 1579 715 1658 quoque
740 1553 790 1630 ad
814 1553 1020 1630 historiam
1044 1551 1269 1654 plantarum

242 1668 318 1745 rite
343 1669 671 1768 cognoscendam.
726 1667 850 1746 Multa
875 1669 949 1744 hac
972 1669 1015 1743 in
1040 1691 1083 1744 re
1109 1667 1270 1769 praesti-

242 1782 291 1859 tit
313 1783 587 1860 Beckmannus
612 1782 654 1858 in
681 1806 801 1882 opere
826 1782 1059 1859 Geschichte
1085 1779 1121 1856 d.
1140 1779 1270 1858 Erfin-

244 1895 417 1995 dungen.
478 1899 539 1972 De
576 1895 802 1974 Cerealibus
834 1910 871 1974 et
903 1897 1045 1997 plantis
1070 1894 1270 1972 culinariis

242 2009 401 2086 locutus
425 2035 516 2088 surn
540 2011 582 2086 in
607 2010 800 2088 Abhandl.
827 2009 864 2088 d.
887 2014 932 2086 K.
957 2009 1078 2088 arad.
1097 2009 1134 2084 d.
1158 1998 1270 2089 Wis-

243 2123 449 2202 senschall.
482 2151 513 2202 a.
549 2125 690 2202 Berlin.
728 2127 824 2202 1816
857 2138 895 2201 et
926 2129 1022 2202 1811Ι
1052 2138 1140 2200 turn
1173 2127 1271 2200 1818

244 2253 285 2314 et
325 2243 429 2316 1819.
472 2239 522 2316 de
564 2239 772 2316 arboribus
813 2237 921 2342 apud
961 2229 1037 2315 nos
1074 2238 1188 2316 cultis
1212 2233 1215 2270 ³
1223 2237 1269 2313 in

244 2375 383 2454 opere:
408 2353 482 2429 Die
507 2354 654 2432 Urwelt
678 2379 715 2428 u.
742 2352 810 2430 das
834 2353 1068 2431 Alterthum.
1094 2355 1140 2428 Τ.
1166 2355 1198 2426 l.

340 2469 387 2542 In
416 2469 701 2545 Promontorio
732 2469 769 2543 h.
802 2467 885 2570 spei
918 2468 1136 2566 Thunberg
1159 2465 1271 2568 plan·

242 2591 302 2654 tas
325 2577 513 2656 indicavit
542 2605 771 2684 europaeas,
797 2607 968 2684 quarum
998 2582 1149 2658 semina
1175 2603 1270 2655 curn

215 2693 470 2770 ‘Cerealibus
508 2718 553 2772 ex
588 2699 748 2800 Europa
786 2696 896 2774 allata
934 2708 1044 2798 sunt,
1081 2695 1124 2771 in
1155 2699 1269 2772 Nova

242 2807 453 2885 Hollandia
478 2811 526 2888 R.
549 2813 692 2889 Brovvn
721 2825 789 2888 etc.
1098 2885 1101 2891 ,

338 2922 592 3021 Migrationes
621 2925 846 3028 plantarum
882 2925 1078 3002 naturales
1111 2920 1268 3000 difficil-

241 3034 338 3113 lime
362 3034 658 3136 dignoscuntur.
705 3044 782 3118 Per
805 3039 949 3118 fluvios
973 3039 1124 3115 semina
1143 3051 1267 3116 trans·

241 3151 390 3253 portari
415 3153 505 3230 satis
530 3168 690 3232 constat
737 3160 818 3232 Per
836 3154 960 3230 maria
977 3153 1127 3229 semina
1142 3166 1268 3229 trans·

174 3365 178 3368 Π
207 3365 209 3374 y
241 3263 391 3365 portari
423 3266 584 3356 scimus,
610 3293 660 3345 an
688 3294 783 3346 vero
809 3293 882 3371 per
905 3247 989 3371 ipsa
1021 3267 1175 3370 plantae
1204 3266 1265 3344 lo-

242 3371 298 3454 c'is
323 3374 457 3453 alienis
481 3396 717 3484 propagatae
740 3381 868 3472 suerit,
886 3379 1072 3459 nondum
1093 3381 1264 3458 evictum

208 3574 211 3584 ,
242 3503 309 3570 est
380 3491 505 3570 Valde
548 3494 718 3572 dubium
766 3512 823 3574 est
862 3521 935 3598 per
975 3501 1125 3586 aerem,
1166 3520 1265 3585 aves,

1407 1865 1408 1884 l

1285 2048 1289 2064 l

1407 3307 1408 3320 t

1407 3321 1408 3334 t

1407 3339 1408 3350 l

1407 3377 1408 3394 l

206 3605 209 3612 ’
242 3605 396 3708 aliaque
442 3607 623 3686 animalia
667 3612 819 3713 plantas
866 3610 907 3686 in
951 3610 1043 3688 alias
1083 3611 1265 3710 regiones
1407 3635 1408 3640 ‘

240 3720 414 3797 transire.

205 3913 209 3920 ,
337 3833 495 3913 Plantae
532 3853 639 3928 sunt,
676 3864 778 3944 qnae
815 3838 966 3918 facilius
1001 3865 1074 3942 per
1114 3839 1264 3946 semina

241 3946 409 4045 migrare
433 3967 601 4053 possunt
625 3979 747 4057 quam
772 3955 868 4032 aliae
885 3954 1111 4034 'seminibus
1140 3951 1264 4050 majo·

241 4059 352 4140 ribus
377 4077 416 4142 et
438 4069 684 4164 gravIoribus
710 4069 887 4150 donatae.
946 4073 1046 4149 Sunt
1078 4093 1180 4174 quae
1205 4093 1263 4144 ra·
1297 4151 1298 4159 p
