2848 4888
442 314 883 394 trtTRODUGTIo.
1147 317 1174 392 a

155 515 397 595 habitualem
422 515 609 606 dixerim,
634 513 876 592 athabitum
901 511 1030 590 simili·
1044 511 1182 590 modo

157 631 412 709 definiverim.
541 673 542 682 κ

252 746 431 822 Termini
466 745 551 844 vagi
589 757 695 852 sunt,
733 742 801 844 qui
838 755 952 818 notas
986 741 1171 833 indicant,

157 885 258 961 quae
281 860 545 938 intenduntur
560 859 765 958 variosque
783 855 926 955 gradus
950 855 1172 946 admittunt,

156 972 382 1072 cujusmodi
400 987 499 1053 ,sunt
522 986 638 1047 notae
663 997 685 1046 e
708 969 996 1070 magnitudine,
1028 970 1172 1058 colore,

156 1087 284 1164 odore
316 1105 385 1166 etc.
438 1088 487 1164 Hi
516 1084 675 1160 termini
707 1083 837 1160 addita
869 1109 966 1160 voce
996 1083 1067 1160 sub
1091 1084 1173 1160 for·

153 1215 329 1290 tuantur,
366 1225 397 1276 e.
422 1223 456 1298 g.
482 1197 769 1286 subrotundus,
802 1211 870 1274 aut
892 1198 1039 1274 minori
1065 1199 1172 1275 simi·

153 1312 332 1389 litudinis
356 1313 496 1411 gradu,
519 1311 796 1388 terminatione
820 1311 862 1385 in
889 1316 1052 1401 asculus,
1080 1335 1110 1388 e
1135 1335 1170 1411 g;

152 1425 489 1516 rotundiusculus,
503 1451 575 1502 nec
591 1449 676 1502 non
691 1425 969 1503 terminatione
979 1426 1023 1501 in
1038 1455 1170 1516 escum

155 1565 256 1644 quae
279 1541 487 1618 transitum
511 1539 671 1640 indicat,
698 1563 729 1614 e.
754 1561 788 1637 g.
812 1539 1079 1637 gracilescens,
1104 1554 1172 1616 aut
1238 1551 1241 1564 '

155 1654 444 1756 compositione
470 1653 646 1732 duorum
670 1653 895 1741 verborum,
921 1678 952 1729 e.
977 1677 1011 1752 g.
1035 1668 1179 1730 ovato-¹

155 1768 433 1857 lanceolatum,
459 1781 525 1844 aut
549 1768 598 1844 ad
623 1792 808 1848 normam
823 1767 1019 1864 vulgatam
1035 1769 1170 1844 animo

157 1897 385 1984 conceptam
424 1879 595 1960 refertur
634 1881 846 1970 terminus,
891 1905 923 1956 e.
954 1904 988 1978 g.
1024 1881 1171 1980 longis-

153 1995 310 2072 simum.

250 2111 521 2216 Descriptione
552 2125 738 2187 notarum
770 2111 938 2199 utimur,
979 2133 1072 2187 cum
1097 2134 1171 2188 no·

152 2236 215 2300 tae
240 2221 444 2323 cujusdam
469 2225 629 2322 genesin
667 2223 918 2325 explicamus,
956 2248 1048 2299 cum
1071 2248 1171 2320 ¹ean-

155 2337 247 2413 dem
286 2337 499 2414 dividimus
533 2339 577 2412 in
613 2337 746 2439 plures
778 2334 1051 2436 simpliciores,
1077 2362 1170 2414 cum

154 2449 331 2550 ejusdem
360 2452 568 2528 relationes
599 2451 837 2539 indicamus,
874 2474 966 2525 cum
992 2447 1178 2546 ejusdem·

153 2565 381 2664 dignitatem
405 2565 676 2642 recensemus,
711 2562 930 2664 Descriptio
946 2565 1067 2640 totius
1085 2589 1171 2642 cor-

152 2681 262 2781 poris
300 2677 519 2756 secundum
548 2677 802 2756 individuum
834 2677 1072 2754 instituenda
1103 2693 1168 2768 est,

153 2817 206 2868 ne
237 2791 490 2871 confusiones
520 2793 563 2866 in
589 2792 871 2872 detrimentum
895 2791 1076 2867 scientiae
1102 2817 1169 2868 au-

154 2919 327 3004 geantur.
374 2907 431 2994 Er
454 2905 527 2980 hac
553 2929 645 2982 vero
671 2905 868 3004 diagnosis
891 2903 1103 2994 formatur,
1126 2906 1168 2982 in

153 3043 232 3122 qna
268 3041 410 3094 omnes
446 3032 563 3094 notae
601 3019 854 3106 omittuntur,
888 3043 992 3120 quae·
1027 3019 1169 3094 indivi-

153 3134 282 3210 duum
307 3155 379 3208 nec
404 3129 575 3232 speciem
598 3130 784 3224 indicant
832 3135 878 3206 In
902 3133 976 3210 hac
1000 3157 1043 3208 re
1067 3133 1168 3232 Phy-

153 3246 350 3348 siographi
372 3244 616 3346 saepissime
653 3269 798 3322 errasse
834 3245 933 3322 mihi
975 3245 1168 3324 ridentur.

152 3365 206 3440 In
243 3361 461 3435 charactere
502 3357 665 3435 tandem
680 3378 684 3392 ’
702 3383 846 3463 corpus
886 3360 934 3437 ab
971 3360 1169 3440 adfinibus

151 3489 306 3552 tantum
328 3473 592 3573 distinguitur.

153 3628 207 3724 9.'
256 3614 615 3720 Terminorum
647 3627 864 3744 cognitio
905 3629 1168 3721 Terminolo-

168 3845 172 3854 .
214 3775 291 3888 gia
320 3782 569 3875 vocatur.¹

109 3973 113 3989 ·
248 3923 616 4004 Botanioa.scientia
639 3923 801 4026 reliquis
826 3922 1014 4001 omnibus
1045 3921 1168 4000 scien-

153 4034 218 4112 tiis
247 4059 383 4114 returns
405 4037 657 4118 *naturalium
692 4036 1103 4142 palmampraeripuit
1116 4039 1170 4114 in
