2848 4888
256 291 340 420 'u
560 325 1014 430 mattooncmo.

277 554 456 638 quonam
472 531 585 614 coelo
604 546 642 614 et
664 533 708 608 ia
727 533 1009 635 quonamsolo
1025 535 1297 638 plantaecres-

192 658 195 668 ‘
275 663 380 735 cauta
403 665 478 726 uec
503 672 587 728 non
612 648 841 727 animalium
865 649 1189 751 patrias-indicat
1226 677 1232 688 ’

284 829 288 838 ,
369 766 496 840 Docet
519 762 689 838 Historia
713 767 882 841 Naturae
907 765 1150 856 nonfsolum
1169 791 1298 868 quas-

273 895 368 954 nam
398 876 636 954 mutationes
668 876 860 952 subierint
888 889 1003 952 strata
1038 878 1110 956 ista
1134 879 1295 968 telluris,

273 991 344 1070 sed
377 1013 540 1092 quoque
580 1011 772 1090 quasnam
809 991 1048 1070 mutationes
1087 1017 1297 1094 perpessae

272 1107 349 1182 sint
372 1105 519 1205 species
544 1102 776 1182 animalium
801 1118 839 1181 et
862 1105 1148 1202 vegetabilium,
1163 1106 1293 1184 unde-

270 1244 364 1296 nam
390 1232 428 1294 et
453 1241 665 1319 quousque
689 1218 949 1314 migraverint

357 1337 554 1430 ¹Regnum
571 1331 824 1410 Mineralium
841 1347 898 1409 est
911 1357 1083 1434 regnum
1098 1331 1292 1413 varietatis

267 1447 500 1526 formarum.
560 1445 784 1532 Innumeris
820 1445 902 1523 sere
941 1462 979 1524 et
1014 1446 1312 1551 pulcherrimis.

266 1561 490 1639 formarum
536 1558 785 1636 varietatibus
827 1559 1081 1638 efflorescunt
1122 1565 1289 1662 Spatum

269 1675 495 1760 calcareum,
518 1673 685 1769 Barytes‚
706 1672 830 1750 Fluor
853 1674 1060 1763 mineralis,
1086 1679 1289 1770 Quarzum

268 1790 419 1890 aliaque
447 1783 667 1874 mineralia,
701 1789 912 1886 regionum
942 1789 1288 1868 subterranearum

267 1901 548 2000 elegantissima
574 1897 725 1976 decora.
775 1902 848 1978 llic
873 1916 968 1978 sunt
990 1900 1136 1995 fertiles
1160 1902 1288 1996 mine·

264 2015 408 2092 ralium
432 2013 576 2115 campi,
601 2013 796 2114 hortique.
845 2017 919 2094 llic
944 2014 1044 2092 vitae
1068 2013 1286 2116 tranquilli·

264 2143 336 2217 tas,
359 2127 552 2229 tacitaque
576 2131 746 2202 Naturae
770 2127 971 2205 miracula.

359 2245 544 2338 Regnum
576 2239 866 2337 vegetabilium
892 2255 949 2316 est
969 2264 1140 2340 regnum
1163 2241 1284 2319 varie-

94 2345 96 2352 ’
183 2359 186 2366 ’
262 2354 349 2430 tatis
372 2354 616 2455 qualitatum.
661 2353 760 2430 Mira
777 2352 962 2430 colorum
978 2355 1157 2434 varietate
1171 2354 1283 2457 plan-

260 2481 324 2544 tae
354 2481 481 2544 terrae
512 2464 763 2567 superficiem
796 2467 1021 2557 investium,
1055 2469 1282 2571 eminetque

260 2581 364 2657 inter
386 2580 462 2656 hos
486 2580 592 2655 mitis
617 2579 796 2680 visuique
822 2583 970 2659 amicus
994 2582 1128 2661 viridis
1157 2582 1288 2663 color.

261 2700 399 2792 Longe
423 2693 579 2794 lateque
611 2693 781 2771 odorem
813 2711 1000 2797 spargunt
1022 2695 1157 2785 flores,
1189 2697 1280 2774 inti·

155 2839 157 2844 ’
258 2831 404 2910 maque
429 2807 551 2884 animi
575 2808 716 2906 gaudia
734 2808 906 2886 excitant
953 2810 1123 2911 Propius
1140 2809 1279 2888 admo·

257 2935 319 3000 tae
337 2921 493 2998 'herbae
525 2945 665 3024 sapore
696 2934 735 2998 et
757 2921 794 2998 vi
819 2921 973 3001 medica
996 2922 1097 3000 vires
1121 2937 1278 3022 gustan-

257 3036 360 3114 tium
383 3032 574 3111 reficiunt.

352 3151 536 3245 Regnum
560 3149 802 3226 Animalium
820 3162 878 3226 est
893 3171 1064 3248 regnum
1085 3151 1275 3234 varietatis

256 3275 454 3339 motuum.
495 3260 575 3338 Hic
598 3263 674 3338 vita
697 3261 932 3352 turbulenta,
951 3261 1142 3344 desideria
1158 3291 1275 3343 num-

257 3371 378 3480 quam
411 3389 479 3452 aut
509 3400 581 3477 per
610 3376 727 3455 breve
752 3391 909 3479 tempus
932 3391 1086 3472 tantum
1112 3381 1274 3482 expletas

254 3489 482 3592 hydraeque
518 3489 711 3588 mythicae
749 3492 871 3593 capita
909 3515 1065 3594 semper
1103 3493 1273 3583 rescissa,

255 3629 491 3707 semperque
513 3619 655 3682 renata.
715 3605 788 3682 Hic
818 3603 919 3686 fines
949 3630 972 3683 e
1006 3605 1155 3686 finibus
1186 3609 1273 3693 abs·

258 3745 336 3822 que
360 3718 451 3795 fine.
1131 3781 1134 3789 .

349 3830 632 3911 llis-omnihus
656 3831 717 3910 lex
740 3836 911 3912 Naturae
934 3833 1101 3936 imperat
1120 3848 1161 3912 et
1176 3859 1270 3912 con·

225 3939 226 3942 ‘
254 3949 401 4026 stantia.
450 3947 522 4034 Ea,
548 3970 651 4049 quae
674 3945 800 4048 spatio
824 3962 903 4028 tres
920 3947 1188 4032 dimensiones
1203 3948 1270 4024 tri-

252 4061 357 4151 buit,
380 4062 541 4152 linoam,
564 4060 729 4166 planum
754 4075 794 4142 et
816 4085 979 4174 torpunt
1008 4087 1111 4166 quae
1134 4061 1268 4148 animo
