2838 4874
276 347 350 424 tou
605 339 974 422 GEOLOGICA.

277 541 428 622 chideis
452 539 657 643 superbire
681 539 732 638 (e.
756 561 790 640 g.
816 541 857 616 in
884 537 1011 617 insula
1036 536 1181 636 Rugia)
1201 560 1304 638 quae

276 655 506 756 regionibus
543 651 910 751 circumiacentibus
948 651 1116 738 omnino
1150 651 1305 727 desunt.

279 767 566 872 Cypripedium
582 767 788 845 calceolus
805 793 826 844 a
843 766 1049 842 montibus
1068 765 1306 862 Hercyniam

279 881 528 982 cingentibus
560 905 689 982 usque
721 881 770 958 ad
803 880 973 980 Rugiam
999 877 1141 954 nullibi
1167 879 1306 952 inven—
1395 943 1396 946 a

275 1011 363 1074 turn
406 1010 472 1072 est
536 997 615 1074 Res
656 1018 742 1070 sese
781 993 915 1083 habet,
954 1007 1001 1070 ut
1042 991 1092 1068 tle
1140 991 1304 1088 climate..
1395 1001 1396 1086 j

277 1114 380 1188 Sunt
411 1110 567 1210 plantae
600 1108 759 1186 cuidam
784 1121 939 1186 tantum
964 1107 1052 1184 solo
1078 1105 1305 1208 peculiares,
1395 1119 1396 1192 j

276 1222 443 1306 suntin
477 1221 585 1299 vario
619 1222 708 1300 solo
739 1222 1016 1324 provenientes
1047 1245 1178 1298 unum
1208 1243 1303 1294 vero
1395 1201 1396 1260 Γ

276 1335 540 1440 praeferentes
577 1349 617 1414 et
651 1335 708 1413 ibi
751 1335 921 1412 maxima
963 1335 1075 1437 copia
1107 1333 1305 1433 degentes,
1395 1333 1396 1336 ‘

277 1464 388 1539 sunt,
426 1473 528 1550 quae
571 1449 731 1534 nullum
773 1449 987 1526 discrimen
1029 1447 1104 1524 soli
1151 1447 1304 1524 iaciant

267 1567 380 1643 llaec
406 1586 572 1664 quoque
597 1561 647 1640 ad
672 1562 886 1639 Historiam
918 1563 1143 1666 plantarum
1175 1559 1305 1638 facere

275 1691 446 1782 possunt
486 1690 526 1753 et
563 1676 720 1807 plantae
760 1675 806 1750 in
844 1676 931 1754 solo
964 1676 1144 1778 quodam
1178 1675 1304 1752 rarius
1396 1685 1397 1706 *

275 1790 567 1896 provenientes,
597 1789 834 1888 migratione
865 1789 999 1882 forsan
1033 1791 1076 1868 in
1116 1815 1213 1868 eum
1244 1789 1304 1866 lo·

276 1931 369 1987 cum
394 1918 668 2036 pervenerunt

277 2085 287 2094 .
370 2017 433 2097 Ad
459 2018 746 2121 expositionem
772 2016 903 2096 refero
930 2019 1064 2096 omnia
1096 2019 1170 2098 alia
1201 2043 1305 2121 quae
1397 2103 1398 2120 ἶ

275 2159 395 2237 supra
420 2131 589 2210 solum
577 2157 620 2208 ιιι
645 2130 820 2234 plantam
845 2156 959 2230 agere
983 2146 1160 2235 possunt
1397 2135 1398 2142 ’

374 2246 607 2326 Secundum
652 2244 787 2323 solum
835 2261 874 2324 et
914 2247 1203 2348 expositionem
1244 2269 1304 2322 se-

276 2362 439 2466 quent-ia
464 2359 585 2437 habes
609 2359 696 2436 loca
723 2358 880 2450 natalia,
913 2360 1142 2460 praesertim
1169 2384 1191 2435 e
1212 2361 1304 2435 Lm

274 2476 363 2555 naei
388 2473 650 2576 Philosophia
673 2471 856 2550 butanica
882 2473 989 2572 (³34)
1016 2472 1207 2619 desumta
1233 2475 1303 2576 qui

275 2588 428 2692 optime
452 2587 636 2664 distinxit„

204 2805 207 2808 Ι
369 2708 479 2780 Mare
505 2685 606 2803 aipua
631 2699 728 2776 salsa
762 2675 971 2788 refertum
1001 2695 1065 2779 vix
1103 2700 1204 2777 ullas
1237 2701 1304 2778 alit

273 2815 426 2920 mantas
466 2814 797 2919 phanerogamas,
840 2813 915 2890 nisi
948 2820 1132 2892 Zosterae
1168 2839 1304 2914 genus,

272 2929 343 3010 sed
369 2929 483 3028 Algae
507 2941 673 3004 tantum.
716 2924 831 3027 Najas
857 2942 895 3004 et
919 2928 1271 3030 Geratoplryllum
1259 2954 1301 3005 ιιι
1332 2939 1336 2946 “

275 3043 388 3148 equis
421 3056 616 3138 crescunt,
651 3065 753 3144 quae
785 3066 888 3144 aqua
920 3041 1072 3119 marina
1098 3042 1305 3122 interdum

274 3159 523 3242 imbuuntur.
1289 3173 1295 3195 ’

368 3271 517 3347 Littora
549 3268 669 3346 maris
702 3293 820 3348 arena
845 3295 917 3348 seu
941 3269 1099 3362 sabulo,
1125 3270 1205 3348 sale
1228 3270 1303 3348 im-

272 3399 506 3487 praegnata,
531 3383 651 3460 maris
676 3381 864 3460 fluctibus
889 3386 1094 3486 ventisque
1120 3385 1303 3486 exposita,

272 3498 452 3604 proprias
501 3496 611 3574 alunt
664 3495 825 3598 plantas.
877 3497 1039 3574 'Cakile
1096 3498 1303 3586 maritima.

272 3611 491 3710 Eryngium
517 3610 773 3688 maritimum.

369 3724 518 3802 Liuora
543 3723 736 3826 rupestria
753 3723 872 3800 maris
890 3722 1078 3803 fluctibus
1096 3725 1303 3828 ventisque

273 3837 445 3940 exposita
462 3837 654 3940 quasdam
678 3837 789 3913 alunt
809 3835 963 3938 plantas
988 3865 1010 3915 a
1034 3839 1303 3942 prae-cedenti-

271 3952 348 4030 bus
372 3951 553 4030 diversas.
601 3950 776 4030 Brassica
801 3950 977 4033 oleraceo
1001 3953 1044 4030 in
1065 3950 1301 4053 hujusmodi

270 4065 442 4168 rupibus
466 4077 693 4166 spontanea.
