2840 4878
441 373 824 462 ‘sruucru'nn
1082 383 1152 457 109

124 581 226 680 45),
251 603 396 681 aquam
422 577 677 660 atriformem
702 580 938 658 Treviranus
969 579 1038 676 (V.
1062 583 1151 656 inw.

123 697 221 773 Bau.
236 722 274 796 p.
292 695 402 793 lut).
443 695 637 772 Tracheas
655 719 738 773 esse
756 692 960 772 adfirmavi
978 691 1150 791 (Nachtr.

122 807 220 884 Heli
242 812 277 885 2.
293 837 330 912 p.
346 811 433 906 25).
473 808 635 889 Accedit
649 811 786 886 Kieser
801 809 970 908 (Phytot
986 833 1023 906 p.
1042 809 1150 905 107).

121 925 271 999 Aerem
318 923 502 1000 extricare
547 925 799 1026 Sprengelius
838 934 950 1025 putat
991 921 1150 1019 (Auleit

121 1034 198 1113 Ed.
222 1041 256 1113 2
281 1066 318 1140 p.
343 1038 434 1134 tu).

222 1151 289 1228 Nil
335 1151 471 1242 refert,
515 1177 566 1228 an
602 1151 780 1254 liquores
823 1150 1021 1228 coloratos
1057 1177 1151 1254 pro-

121 1264 273 1366 pellant
312 1291 386 1343 nec
426 1290 486 1342 ne.
558 1269 642 1343 Nec
687 1264 901 1355 attrahunt,
943 1266 1020 1340 nisi
1064 1291 1150 1342 cor-

121 1392 240 1480 rupta
264 1377 412 1455 firerint
436 1380 627 1478 (Grundl.
644 1407 681 1482 p.
698 1380 790 1478 72).
839 1383 933 1456 Non
951 1379 1149 1470 audiendi,

121 1494 195 1594 qui
225 1490 375 1570 radices
401 1508 550 1572 eterra
575 1495 748 1572 evellunt
772 1508 811 1572 et
833 1495 1058 1596 liquoribus
1083 1520 1149 1572 co·-

118 1605 257 1684 loratis
280 1607 508 1708 imponunt„
555 1613 656 1688 Vasa
671 1610 815 1686 haecce
830 1608 984 1688 lumine
1000 1633 1147 1708 magno

118 1720 297 1822 praedita
329 1720 532 1824 liquorem
564 1748 649 1800 non
679 1723 869 1812 fundunt,
907 1723 977 1825 qui
1002 1748 1024 1799 e
1047 1725 1148 1800 vasis

117 1835 294 1936 propriis
319 1855 507 1914 emanans
530 1835 644 1915 facile
663 1839 912 1940 conspicitur.
951 1836 1041 1914 Pini
1058 1863 1147 1916 vasa

118 1947 278 2050 spiralia
305 1950 474 2027 nrinima
505 1951 668 2042 habent,
705 1953 802 2030 aliae
836 1951 993 2054 plantae
1028 1951 1147 2042 nulla,

118 2087 225 2165 quae
250 2064 401 2165 optime
424 2066 666 2143 nutriamur.
1150 2079 1152 2088 ’

219 2174 324 2254 Cum
341 2178 552 2279 Hedwigio
563 2181 754 2264 ¹tubulum
771 2179 954 2283 spiralem
972 2203 1145 2274 succum,

116 2289 289 2369 ductum
318 2316 420 2369 vero
446 2299 579 2372 aerem
611 2296 754 2372 vehere
785 2305 905 2398 puto‚'
941 2291 1012 2370 sed
1050 2322 1145 2380 eum

116 2429 283 2483 succum
319 2409 531 2486 nutritium
572 2409 642 2512 qui
690 2411 789 2487 airis
826 2437 904 2516 ope
946 2408 989 2492 in
1021 2421 1145 2502 ductu
1281 2435 1284 2444 ’

119 2523 295 2600 contenti
319 2524 613 2626 praeparandus
636 2525 696 2600 sit

125 2662 129 2676 ’
214 2639 501 2738 Vasa'propria
525 2663 690 2718 succum
714 2659 909 2723 secretum
940 2651 1142 2731 continere

116 2751 264 2853 probat
287 2752 400 2830 color
422 2749 543 2852 hujus
567 2756 674 2833 succi
688 2759 924 2873 'saepissime
947 2764 1119 2872 insignis.
1206 2805 1214 2825 ι
