2840 4878
271 371 343 450 140
663 369 889 450 CAULIS.

219 665 223 672 Ι
363 567 549 671 Exempla
572 568 764 670 praebent
789 568 992 656 Gramina,
1018 569 1288 658 Scitamineae,
1334 643 1335 648 ,

267 683 499 790 Orchideae.
569 683 609 758 Si
647 680 887 758 vocabulum
928 680 1085 760 culmus
1118 682 1290 760 retinen·

267 778 367 872 dum
393 810 492 874 esset
516 797 638 893 (nam
669 793 890 872 secundum
916 794 1102 874 ordinem
1134 811 1288 873 natura-

265 911 347 988 lem
385 910 579 986 terminus
621 909 823 985 constitui
846 909 1009 1011 nequit)
1050 910 1146 985 huic
1187 910 1287 1048 cauli
1329 927 1332 936 ’

266 1024 502 1104 conveniret

360 1141 407 1214 In
432 1136 515 1212 aliis
539 1149 672 1211 cortex
696 1133 806 1212 adest
830 1159 852 1212 e
872 1104 1174 1236 parenchymate
1191 1162 1285 1214 con-

264 1265 384 1339 stans,
415 1263 503 1326 tum
536 1260 759 1351 sequuntur
789 1247 961 1326 fasciculi
992 1251 1153 1382 lignei'
1142 1277 1183 1326 1n
1222 1277 1285 1327 or-

262 1365 357 1441 bem
388 1363 506 1466 positi
540 1377 579 1438 et
610 1360 774 1462 quidem
806 1364 939 1466 plures
972 1366 1090 1442 series
1116 1390 1284 1442 concen·
1320 1451 1322 1456 ,

261 1479 380 1554 tricae
405 1492 442 1553 et
466 1478 508 1552 in
535 1476 772 1578 quincunce,
798 1502 899 1578 quae
924 1479 1141 1556 medullam
1158 1478 1283 1556 inclu-

262 1589 372 1667 dunt.
423 1588 659 1691 Exemplum
685 1589 803 1666 refert
835 1591 954 1670 caulis
981 1593 1161 1669 Gladioli.

311 1747 314 1754 ·
359 1709 500 1784 Cortex
531 1705 640 1780 adest
669 1703 1060 1805 parenchymatosus,
1092 1731 1165 1783 nec
1197 1730 1280 1782 non

261 1821 431 1898 annulus
454 1819 543 1894 libri
571 1843 592 1894 e
616 1819 716 1894 vasis
741 1815 897 1893 fibrosis
921 1821 1149 1918 praesertim
1171 1846 1281 1898 com-

259 1936 412 2038 positus
437 1933 584 2035 absque
610 1930 833 2033 spiralibus,
863 1946 950 2007 tum
976 1949 1198 2034 sequuntur
1222 1961 1280 2012 se·

258 2049 335 2125 ries
360 2049 630 2124 concentricae
647 2045 925 2122 fasciculorum
942 2045 1167 2144 ligneorum
1185 2073 1279 2125 con-

259 2163 426 2239 centrice
458 2163 570 2238 etin
604 2160 827 2262 quincunce
851 2159 1091 2260 positorum,
1115 2162 1277 2240 tandem

257 2276 483 2352 medulla'
471 2299 515 2350 1n
550 2287 696 2349 centro.
758 2278 873 2350 Hunc
910 2273 1061 2350 caulem
1102 2273 1279 2352 referunt

256 2391 453 2467 Liliaceae.
473 2386 738 2488 Exemplum
762 2386 895 2462 habes
908 2410 930 2462 e
952 2411 1068 2490 scapo
1085 2392 1277 2510 Hemero

257 2503 405 2581 callidis
429 2475 630 2579 fulvaeT.
653 2503 686 2576 2
711 2498 737 2575 f.
761 2503 819 2576 35.

353 2615 560 2693 simillima
598 2627 655 2690 est
686 2602 879 2690 stmctura
909 2616 1064 2694 caulis
1052 2645 1095 2696 m
1119 2618 1274 2720 Pipem·

255 2731 332 2808 ceis
370 2744 409 2807 et
441 2728 749 2814 Cucurbitaceis3
777 2727 921 2815 nullus
963 2729 1070 2808 enirn
1103 2734 1273 2872 annulus

253 2844 349 2943 ligni
375 2857 543 2945 apparet

348 2962 395 3035 In
419 2956 740 3056 Dicotyledoneis
765 2972 897 3035 cortex
920 2955 1030 3035 adest
1057 2961 1272 3060 parenchy-

251 3085 443 3161 matosus,
470 3095 591 3174 quem
616 3074 794 3174 sequitur
818 3071 987 3148 annulus
1012 3071 1102 3148 libri
1127 3099 1149 3150 e
1171 3076 1271 3152 vasis

250 3185 410 3261 fibrosis
440 3185 483 3262 in
514 3185 714 3262 herbaceis
743 3184 1015 3271 tenuissimus,
1045 3185 1089 3262 in
1121 3189 1268 3266 arbori-

249 3299 326 3374 bus
358 3299 553 3385 crassior,
577 3322 599 3373 a
623 3297 731 3397 ligno
765 3297 1011 3376 cohaerentia
1041 3323 1114 3376 nec
1138 3299 1268 3376 forma

250 3411 466 3498 distinctus,
489 3425 578 3488 turn
603 3413 772 3489 annulus
797 3411 892 3510 ligni
916 3413 1076 3511 integer,
1092 3415 1208 3491 etiam
1225 3414 1268 3490 in

248 3524 450 3603 herbaceis
465 3524 656 3613 radiosus,
680 3515 901 3602 medullam
916 3527 1039 3604 ambit
1053 3529 1266 3630 perenchy-

247 3652 453 3715 maloram.
500 3643 548 3717 In
571 3636 795 3737 junioribus
820 3640 989 3716 annulus
1013 3665 1097 3717 non
1117 3642 1267 3740 integer

249 3765 316 3842 est,
341 3751 412 3829 sed
436 3753 693 3855 componitur
717 3779 739 3830 e
762 3751 953 3832 fasciculis
969 3754 1107 3853 ligneis
1124 3754 1265 3832 discre-

247 3868 297 3943 tis
322 3882 360 3944 et
383 3868 685 3970 perenchymate
708 3869 930 3974 interceptis
954 3871 996 3946 in
1023 3868 1170 3946 orbem.
1191 3895 1263 3972 po·

247 3981 338 4069 sitis,
362 3981 538 4060 medulla
564 3985 770 4061 eccortice
793 3984 981 4084 utrinque
1006 3982 1201 4060 ambiente
1226 3999 1265 4062 et

194 4123 196 4128 ’
245 4118 318 4193 per
354 4093 555 4174 interstitia
588 4096 871 4175 fasciculorum
908 4097 1131 4194 ligneorum
1169 4121 1263 4182 con.-
