2848 4888
244 306 330 454 ’θ
670 375 917 454 etanta

279 589 424 681 quanta
460 577 503 652 in
540 565 678 675 regno
699 572 887 650 min'erali¹
918 571 1157 651 observatur.
1219 577 1303 654 Nec

278 718 373 770 cum
396 692 528 790 rigore
552 691 724 791 partium
749 687 927 765 consistit
951 685 1149 785 ejusmodi
1173 705 1301 769 muta·

276 808 358 895 tio,
384 806 478 882 hinc
508 828 612 905 opus
642 815 714 891 est,
745 816 793 880 ut
815 800 939 879 lluida
964 800 1068 884 inter
1091 805 1218 885 solida
1242 807 1302 881 in·
1333 879 1338 886 .

276 913 526 998 te'rlabantur.
589 921 641 995 Et
679 915 904 994 firnctiones
934 934 1157 1010 mutantur,
1198 940 1302 1024 quae

278 1036 355 1112 alio
379 1049 560 1135 tempore
585 1030 681 1109 aliae
707 1055 791 1108 esse
815 1031 955 1110 solent
978 1023 981 1031 ’

372 1145 567 1225 Periodus
605 1145 784 1247 corporis
821 1147 995 1246 organici
1036 1149 1167 1226 totalis
1208 1149 1302 1228 alias

277 1286 442 1367 quoque
464 1257 648 1364 partiales
670 1257 956 1359 complectitur.
1005 1263 1070 1340 Sic
1086 1286 1217 1340 annua
1233 1275 1302 1350 est,

278 1403 400 1480 quam
422 1377 466 1452 in
489 1373 715 1478 plantarum
739 1373 1009 1476 florescentia,
1036 1375 1301 1464 defoliatione,

277 1507 317 1570 et
338 1490 543 1567 fructuum
566 1488 831 1566 maturatione
854 1489 1047 1579 ridemus,
1071 1492 1127 1568 sic
1158 1490 1300 1569 diuma

277 1619 351 1692 est·
368 1605 411 1680 in
435 1602 585 1702 vigiliis,
610 1626 838 1705 somnoque
852 1597 1087 1707 conspicua,
1113 1605 1168 1680 sic
1192 1629 1301 1682 mor-

274 1721 374 1797 bosa
406 1715 604 1821 quaedam
627 1718 670 1792 in
702 1716 938 1796 animalibus
967 1718 1198 1822 praesertim
1225 1718 1300 1796 'de-

274 1832 537 1937 prehenditur
561 1845 629 1908 etc.

325 1945 328 1950 ’
371 1951 504 2024 Panes
546 1944 778 2021 animalium
822 1943 906 2023 sere
948 1971 1089 2024 omnes
1131 1946 1299 2026 eandem

273 2062 422 2138 habent
455 2055 670 2158 periodum
707 2083 751 2134 ac
794 2071 928 2136 totum
969 2084 1131 2163 corpus,
1171 2075 1300 2164 partes

273 2173 549 2274 vegetabilium
594 2172 772 2248 minime.
841 2176 1091 2251 Enascuntur
1136 2173 1237 2250 rami
1278 2198 1300 2250 e

274 2315 446 2390 gemma,
477 2285 718 2388 explicantur
751 2300 790 2362 et
819 2287 962 2387 partim
988 2311 1153 2390 quoque
1176 2287 1300 2364 mori·

219 2460 224 2472 ,
273 2421 415 2492 untur,
451 2401 552 2478 dum
592 2397 743 2501 reliqua
773 2398 905 2502 planta'
934 2397 1055 2478 vitam
1085 2403 1299 2479 continuat

272 2521 402 2596 Habet
430 2518 564 2617 itaque
596 2537 686 2614 pars
721 2513 924 2614 propriam
955 2513 1169 2616 periodum
1194 2543 1215 2594 a
1238 2529 1300 2592 to·

273 2633 352 2708 tius
384 2629 539 2732 plantae
569 2625 739 2730 periodo
773 2627 984 2718 diversam,
1016 2643 1055 2706 et
1078 2629 1171 2705 binc
1197 2651 1299 2730 quo·

274 2768 354 2848 que
396 2751 504 2844 patet
537 2742 712 2844 plantam
749 2764 833 2818 esse
878 2763 1024 2846 corpus
1064 2745 1298 2843 organicum

272 2857 555 2958 compositum.

366 2971 607 3056 Plantamm
627 2983 756 3071 partes
787 2964 1069 3075 genitales'per
1092 2985 1218 3048 totam
1241 2970 1296 3048 ri-

269 3101 352 3164 tam
384 3108 468 3162 non
493 3084 706 3186 persistere,
733 3084 804 3162 sed
829 3083 970 3175 delabi,
995 3095 1198 3189 novasque
1222 3086 1297 3162 bo-

270 3223 364 3277 rum
399 3199 491 3275 loco
530 3197 673 3284 enasci,
712 3212 751 3274 et
785 3197 865 3276 hoc
902 3200 1122 3278 charactere
1145 3200 1296 3302 plantas

271 3316 320 3390 ab
353 3310 589 3389 animalibus
622 3309 785 3390 differre
816 3313 1045 3413 Hedwigius
1079 3327 1298 3392 auctorest
1358 3323 1360 3328 ’

271 3427 532 3528 (Sammlu'ng.
558 3426 652 3504 sein.
677 3441 875 3505 zcrstreut
899 3428 1083 3506 Aulsdtze
1106 3455 1144 3532 p.
1170 3428 1279 3526 132).

367 3542 473 3618 Cum
497 3565 588 3642 pars
612 3541 766 3642 plantae
787 3543 992 3645 propriam
1008 3543 1152 3620 habeat
1165 3543 1296 3644 perio-

269 3655 369 3732 dum
402 3679 487 3732 non
519 3656 669 3731 mirum
696 3670 768 3744 est,
798 3679 975 3754 gemmas
998 3679 1213 3758 ramosque
1237 3677 1296 3732 se·

268 3769 424 3869 junctos
449 3783 488 3845 et
511 3769 599 3845 solo
626 3769 770 3871 aliique
793 3769 949 3872 plantae
972 3771 1141 3847 insertos
1164 3770 1297 3871 perio·

269 3883 369 3960 dum
411 3883 486 3960 sibi
522 3883 736 3985 praefixam
771 3885 1006 3961 ¹continuare
1044 3897 1084 3960 et
1114 3882 1296 3984 proprias

269 4000 406 4101 stirpes
432 3995 589 4076 efficere
612 3998 841 4100 parentibus
866 3997 1094 4076 simillimas.

1212 4113 1297 4188 Nec
