2840 4870
246 350 322 424 ooo
667 293 852 424 roma.

346 549 434 625 Huc
473 542 679 620 referenda
719 541 995 646 multiplicatio
1035 539 1275 618 foliolorum

252 662 295 738 in
318 659 425 736 foliis
450 659 682 760 compositis
706 659 841 736 minus
865 656 1066 744 naturalis,
1097 682 1133 760 e.
1154 679 1196 754 g..
1213 654 1276 732 so·

252 774 443 852 liolorum
468 773 511 848 in
529 771 698 850 Trifolio
725 799 902 873 quorum
926 786 1075 872 septem
1093 771 1275 846 observa·

252 890 307 967 vit
334 893 450 987 Jiger
479 885 940 987 (Ueb..Milsbildungen
966 887 1037 963 der
1062 885 1276 986 Gewichse

348 1117 594 1194 Divisionem
626 1115 860 1219 impeditam
890 1117 933 1190 in
966 1113 1072 1192 foliis
1110 1141 1276 1217 compo·

253 1232 555 1320 subridemus,
579 1232 632 1306 ita
657 1245 703 1308 ut
725 1231 839 1333 plura
863 1228 1002 1306 foliola
1026 1237 1194 1306 connata
1219 1231 1276 1306 vi·

254 1347 435 1436 deantur,
468 1370 643 1448 quorum
675 1345 850 1446 exempla
882 1339 1087 1421 Bonnetus
1126 1369 1276 1446 propo-

252 1463 331 1536 suit
370 1459 606 1558 (Recherch.
645 1486 713 1536 sur
750 1459 891 1622 l'usage
924 1458 960 1534 d.
992 1457 1113 1535 feuill.
1147 1464 1191 1535 T.
1216 1463 1275 1550 nt

266 1754 269 1764 .
268 1630 658 1768 Proliferationis
689 1671 912 1793 exemplum
945 1687 1121 1766 notabile
1152 1687 1274 1788 habes

251 1800 359 1903 apud
392 1805 565 1881 eundem
596 1810 824 1882 Bonnetum
855 1807 925 1904 (T.
956 1807 1015 1878 25.
1048 1801 1072 1878 f.
1107 1803 1179 1901 1.),
1213 1803 1274 1880 fo-

252 1911 353 1992 lium
391 1919 536 2004 scilicet
572 1921 768 1996 Brassicae
806 1920 1003 1996 oleraceae
1040 1915 1272 1994 fasciculum

250 2029 444 2108 foliorum
468 2034 618 2134 petiolo
644 2033 905 2110 insidentium
929 2030 1144 2134 proferens.

349 2147 564 2246 Singularis
598 2162 656 2225 est
690 2147 776 2224 folii
801 2148 1033 2246 geminatio,
1072 2170 1193 2247 quam
1218 2153 1275 2224 Ili·

252 2285 321 2358 ger
345 2276 521 2338 accurate
547 2260 751 2363 descripsit
775 2260 815 2356 (l
841 2286 870 2334 c
888 2287 925 2359 p
942 2265 1041 2338 381.
1060 2259 1133 2338 tf.
1153 2262 1273 2358 1—3.)

251 2373 345 2456 folia
370 2376 510 2452 sistens
534 2365 655 2453 nervo
680 2363 870 2476 primario
875 2376 940 2452 ita
964 2376 1076 2474 quasi
1097 2391 1273 2464 connata,

251 2502 312 2564 ut
320 2489 490 2587 paginae
509 2490 732 2589 superiores
756 2488 830 2564 sibi
858 2490 1061 2589 oppositae
1086 2488 1243 2566 fuerint.

298 2643 311 2682 ·,
327 2671 331 2682 ,
347 2601 459 2680 Folia
485 2603 608 2703 crispa
635 2603 729 2677 orin
718 2599 940 2690 videntur,
957 2628 1049 2680 cum
1068 2603 1273 2702 diachyma

251 2729 385 2800 tersus
409 2717 629 2815 marginem
652 2717 774 2796 nimis
800 2731 973 2814 augetur.
1022 2721 1173 2794 Haecce
1193 2743 1273 2794 me-

250 2830 517 2932 tamorphosis
551 2847 608 2910 sat
643 2831 829 2931 frequens
868 2846 940 2917 est,
980 2845 1019 2908 et
1054 2833 1272 2911 seminibus

208 2976 212 2983 ‘
248 2944 360 3022 facile
390 2961 638 3048 propagatur.
692 2945 895 3028 Habemus
926 2947 1073 3047 Apium
1097 2952 1274 3024 Petross-

246 3057 380 3142 linum
406 3061 597 3162 crispum,
623 3061 785 3162 aliaque.

313 3174 507 3250 Folium
543 3174 758 3251 bullatum
774 3198 795 3251 e
834 3172 943 3251 disco
982 3189 1098 3252 aucto
1138 3175 1271 3263 oritur,

249 3285 425 3381 margine
456 3309 557 3364 non
591 3303 756 3364 mutato.
821 3291 868 3366 In
910 3292 1065 3387 Ocymo
1106 3291 1293 3367 Basilico*

248 3397 399 3476 bullato
427 3401 606 3477 occurrit.
1211 3433 1215 3441 ’

228 3533 263 3592 ·,
345 3511 617 3608 Phyllomania
651 3529 720 3591 aut
750 3530 808 3592 est
840 3515 1052 3618 productio
1077 3517 1271 3597 foliorum

250 3625 399 3710 inloco
425 3627 587 3706 insolito
614 3631 749 3726 (liger
772 3631 795 3703 l.
823 3655 852 3708 c
877 3660 913 3733 p.
938 3634 1031 3730 Ἧι),
1057 3648 1126 3709 aut
1150 3635 1272 3710 nimia

250 3741 373 3842 copia.
421 3741 592 3818 Haecin
618 3743 826 3820 arboribus
858 3745 1072 3824 fructiferis
1098 3749 1273 3825 accidere

248 3855 349 3932 solet
382 3869 420 3930 et
449 3852 652 3940 fructuum
683 3873 922 3957 proventum
947 3863 1095 3940 minuit
1119 3864 1273 3961 (Adan-

250 3991 323 4062 son
348 3969 498 4046 Famill.
521 3969 561 4044 d.
586 3970 704 4073 plant.
722 3974 774 4048 -Τ,
802 3979 833 4049 l.
859 4001 895 4076 p.
921 3976 1015 4073 tn).

342 4084 584 4164 Anthozusia
618 4101 800 4194 osteum
832 4084 928 4176 folia
959 4090 1271 4194 indolempeta·
