2836 4878
215 307 227 320 ’
255 362 332 466 est
626 363 916 460 teucrus.

256 615 275 641 ..
308 619 332 630 .,
358 563 510 664 Trapae
540 561 709 638 natantis
736 561 1068 661 germinationem
1093 562 1297 651 Tittman-

258 697 337 776 pus
374 675 596 754 observavit
630 675 679 774 (l.
711 701 743 752 c.
774 704 812 780 p.
841 682 901 754 38.
933 691 959 754 t
996 678 1067 778 5.).
1131 683 1296 766 Perem-

260 789 405 888 bryum
437 787 564 880 adest,
588 786 701 888 cujus
726 791 948 871 extremitas
971 789 1151 870 radicalis
1176 816 1205 866 s.
1229 817 1295 868 ra-

261 901 327 1000 dix
359 930 381 980 a
413 903 593 980 seminali
619 905 829 1006 squamula
861 921 1071 1010 separatur.
1119 905 1295 1014 Elonga-

256 1032 326 1103 ,tur
364 1019 664 1118 perembryum,
705 1044 777 1121 per
816 1017 998 1098 foramen
1039 1019 1152 1099 nucis
1197 1020 1294 1121 pilis

258 1130 438 1228 clausum
462 1132 613 1234 prodit,
649 1157 809 1213 sursum
840 1137 979 1212 crescit
1011 1148 1050 1212 et
1080 1134 1293 1212 surculum

44 1291 47 1298 ·
125 1321 127 1332 ,
259 1242 416 1340 fonnat
463 1248 510 1322 In
535 1245 616 1324 hoc
640 1247 715 1325 sub
741 1250 951 1350 squamula
976 1247 1112 1353 prodit
1130 1271 1292 1346 gemma

255 1359 389 1458 carpes
412 1356 589 1462 foliaque
613 1359 830 1463 proferens.
881 1368 988 1442 Tum
1014 1362 1198 1455 surculus
1221 1359 1292 1436 de·
1407 1355 1408 1362 '

255 1499 399 1572 omum
422 1475 587 1570 vertitur
611 1489 651 1551 et
673 1475 868 1552 radiculas
892 1479 1046 1554 emittit.
1096 1474 1291 1562 Surculus

255 1588 482 1690 primitivus
520 1587 592 1666 diu
628 1614 722 1669 cum
755 1589 906 1670 semine
941 1607 979 1670 et
1003 1590 1168 1694 quidem
1194 1613 1290 1665 cum
1407 1601 1408 1630 .

163 1743 165 1750 ·
258 1702 465 1781 albumine
495 1702 660 1790 seminis
689 1729 891 1784 connexus
922 1718 1143 1808 permanet,
1174 1703 1289 1806 quod
1407 1725 1408 1770 l

257 1815 352 1898 ideo
391 1821 632 1912 Gaertnerus
667 1818 846 1896 vitellum
877 1821 1047 1908 vocavit,
1079 1845 1173 1898 cum
1205 1843 1288 1895 em-

258 1931 402 2029 bryoni
427 1945 530 2026 arcte
555 1929 747 2026 adnatum
771 1933 831 2010 sit

355 2045 481 2124 Multa
507 2043 565 2129 de,
583 2046 870 2144 germinatione
894 2045 1219 2148 Nymphaearurn
1249 2060 1290 2122 et

257 2158 461 2240 Nelumbii
487 2160 707 2262 conscripta
732 2176 871 2240 sunta
897 2163 989 2238 viris
1021 2159 1288 2240 celeberrimis

256 2272 416 2361 Mirbel,
452 2274 633 2362 Poiteau,
672 2277 835 2364 Correa,
872 2274 1062 2363 Richard,
1101 2272 1151 2364 de
1185 2277 1287 2352 Can-

259 2385 367 2467 dolle
412 2411 515 2488 quae
552 2389 690 2464 omnia
731 2391 892 2492 exponit
932 2415 977 2466 ac
1017 2403 1195 2466 recenset
1235 2387 1287 2464 de

257 2499 457 2594 (landolle.
477 2502 614 2600 (Mem.
640 2501 676 2577 d.
701 2500 724 2578 l.
752 2506 839 2580 Soc.
865 2501 903 2580 d.
926 2504 1040 2602 Phys.
1067 2517 1135 2580 etc.
1161 2503 1183 2578 i
1209 2507 1286 2578 Ge-

256 2615 364 2712 neve.
422 2618 467 2692 T.
494 2619 526 2694 1.
550 2620 592 2694 P.
618 2620 650 2692 l.
674 2643 712 2719 p.
738 2616 805 2714 1.).
862 2622 951 2720 Ipse
974 2618 1017 2693 in
1042 2615 1286 2720 Nymphaeis

255 2743 464 2828 tegmenta,
500 2728 784 2808 in'Nelumbio
818 2733 996 2810 vitellum
1028 2730 1286 2830 cotyledones

253 2867 341 2942 esse
359 2857 492 2944 ,putet
550 2847 804 2948 Comparatio
825 2872 954 2936 cum
978 2845 1285 2944 cotyledonibus

255 2956 461 3066 *claudicat⁴
513 2959 733 3058 ,Singularis
766 2974 824 3040 est
854 2961 1089 3060 germinatio
1122 2958 1284 3036 surculo

257 3071 413 3166 emisso,
435 3073 505 3174 qui
524 3056 807 3162 in²Nelumbio
833 3076 964 3178 stipite
988 3073 1195 3158 indicatur·
1237 3077 1284 3150 In

255 3185 417 3282 surculo
437 3188 646 3287 squamula
670 3213 742 3268 seu
751 3189 942 3288 ,vaginula
959 3201 1025 3278 est
1052 3187 1095 3281 in
1119 3187 1284 3286 Nelurpf

252 3295 327 3377 bio
350 3299 507 3396 sacculo
526 3301 711 3398 indicata.
751 3305 1038 3402 Perembryum
1061 3303 1104 3378 in
1120 3300 1285 3398 Nebna

256 3413 326 3504 bio
364 3410 506 3510 deficit,
521 3511 525 3518 Ι
543 3429 613 3497 aut
643 3439 736 3501 cum
767 3417 1050 3518 integumentis
1082 3417 1284 3512 seminum

254 3539 487 3622 nonnatum,
506 3541 578 3622 ests
609 3528 766 3628 vitellus
798 3531 906 3608 enim
943 3530 1152 3634 bipartitus
1183 3555 1284 3616 ¹cum

256 3640 531 3743 tegmentisgin
555 3643 786 3746 Nymphaea
802 3642 943 3746 utique
965 3643 1268 3747 comparandus.

253 3784 360 3938 tttt.
422 3788 631 3924 Embryo'
656 3801 712 3924 in
753 3803 1029 3904 seminibus
1059 3803 1283 3907 Fili'eu'm,

254 4044 272 4078 .
298 3945 610 4078 ’.Μῡξθῡωω
644 3958 694 4036 et
725 3943 1194 4068 Cryptophytorum
1213 3947 1283 4082 [dg.

317 4091 481 4204 stingui
507 4091 662 4206 nequit.
1272 4095 1275 4104 ·
