2838 4874
375 425 820 506 PHYTOTROPIA.
1036 430 1105 508 lot
1205 537 1211 556 .

87 620 219 696 solum
252 618 471 710 exhaurire,
503 644 588 697 non
621 621 689 707 ita,
716 645 816 724 quae
841 636 934 698 ante·
954 626 1105 704 semina

87 733 271 809 collectae
295 749 396 810 sunt.
444 738 493 811 At
519 759 540 810 e
564 733 744 810 radicum
762 735 991 813 conditione
1010 763 1106 839 pen-

85 845 190 924 dere
204 845 360 924 videtur
383 848 525 925 haecce
549 846 624 923 soli
649 847 894 948 depravatio
928 875 1029 950 quae
1053 854 1105 928 ci·

82 960 163 1037 tius
187 960 331 1037 lentius
354 975 600 1064 putrescunt,
626 974 680 1036 et
687 959 856 1040 letamen
878 964 1003 1062 magis
1031 965 1105 1040 mi-

85 1097 210 1150 nusve
233 1075 387 1151 honum
413 1075 611 1177 praebent.

6 1179 8 1190 ⁸
180 1189 418 1265 Insertiones
444 1201 482 1263 et
506 1186 766 1288 plantationes
793 1213 999 1266 ramorum
1024 1191 1103 1306 huc

6 1311 8 1328 ‘
83 1299 330 1390 referendae,
356 1301 624 1403 antiquissima
649 1299 818 1378 artificia.

6 1499 9 1640 ξ
64 1499 185 1592 2t0.
248 1503 439 1592 Strmulzlc
473 1500 662 1590 utimur
698 1465 762 1590 ad
802 1463 1100 1620 promouen-

6 1643 9 1664 ‘
144 1635 666 1756 damregetationem,

6 1843 10 1890 ι
178 1810 238 1884 De
262 1806 430 1885 stimulis
453 1805 532 1904 jam
557 1833 674 1908 supra
699 1807 850 1885 dictum
876 1823 941 1886 est.
977 1807 1099 1886 Divisi

6 1955 11 2006 ι
80 1933 175 1996 sunt
215 1919 258 1996 in
301 1921 485 1998 stimulos
528 1934 566 1996 et
607 1923 934 1999 contrastimulos.
979 1926 1099 2000 'llaec

6 2075 11 2118 t
81 2032 222 2110 divisio
249 2033 299 2110 ad
325 2035 496 2112 actiones
521 2033 778 2135 simpliciores
801 2035 980 2137 pertinet
1005 2058 1100 2111 con·¹
1178 2118 1182 2124 ,

6 2161 12 2236 t
79 2146 284 2244 stringitur
301 2149 408 2224 enim
432 2149 677 2236 membrana,
691 2163 757 2224 ant
773 2148 974 2226 relaxatur.
1013 2148 1100 2225 Alia

6 2301 11 2350 Ι
79 2284 246 2362 quoque
271 2275 328 2338 est
352 2259 510 2349 divisio,
536 2260 586 2336 ad
611 2260 1098 2362 operationesreferenda,

78 2373 262 2450 stimulos
293 2371 535 2472 distinguens
567 2374 637 2475 qui
668 2375 935 2478 suscipiuntur
959 2376 1007 2451 ab
1034 2399 1097 2452 or-

76 2487 199 2588 ganis,
222 2501 261 2563 et
289 2488 358 2590 qui
390 2501 644 2590 respuuntur.
702 2488 882 2565 Tandem
917 2501 1097 2590 respectu

7 2671 9 2704 ,
77 2599 130 2677 ad
163 2615 269 2678 actus
300 2615 394 2677 sunt
429 2601 597 2687 stimuli,
632 2600 705 2702 qui
734 2600 785 2677 ad
816 2615 947 2677 actum
973 2607 1105 2703 quen?

7 2725 9 2732 ’
76 2713 172 2791 dam
198 2715 376 2803 excitant,
402 2714 543 2791 autad
568 2714 975 2791 actmncontrarium.

172 2832 231 2906 Ex
267 2828 330 2904 his
367 2826 545 2927 augenda
584 2841 692 2916 sunt,
748 2852 848 2930 quae
887 2853 1004 2929 supra
1045 2824 1095 2903 de

74 2938 246 3018 stimulis
271 2941 450 3017 diximus.

172 3057 220 3132 In
251 3043 408 3156 plantis
424 3054 573 3131 stimuli
604 3051 655 3130 ad
680 3069 811 3131 actum
835 3054 934 3130 nulli
959 3052 1094 3132 viden·

74 3183 159 3259 tur,
184 3169 277 3271 quia
302 3181 506 3268 systemate
531 3182 665 3246 carent
687 3193 914 3246 nervorum.

74 3367 178 3462 241.
238 3370 395 3457 ltttom
426 3371 653 3460 crescendi
677 3365 906 3482 augendo
938 3379 988 3457 et
1017 3391 1091 3455 re·

136 3505 404 3622 primendo
436 3509 631 3625 plantas
661 3518 924 3596 mutamus.

171 3672 363 3752 Alimenta
405 3675 633 3779 praesertim
672 3673 800 3750 valent
841 3670 892 3750 ad
926 3670 1090 3748 herbam

74 3786 315 3892 augendam
348 3788 398 3865 ad
430 3788 549 3865 flores
572 3787 802 3889 fructusque
826 3783 1090 3888 perficiendos

72 3925 193 3978 succo
218 3899 297 3999 jam
321 3918 550 4004 praeparato
576 3925 679 4004 opus
702 3914 767 3976 est.
820 3903 871 3975 Et
893 3898 1042 3975 radices
1068 3921 1089 3974 e

72 4015 186 4091 caule
210 4029 455 4103 enascuntur,
477 4016 570 4091 hinc
594 4038 748 4092 esucco
766 4026 1004 4116 praeparato,
1018 4029 1115 4088 nec*

73 4153 121 4206 ex
146 4153 211 4217 eo,
238 4155 360 4252 quem
385 4129 602 4230 suscipiunt
625 4125 784 4214 radices,
809 4126 1042 4204 formantur.

719 4244 796 4320 ³0*
