2838 4874
426 384 804 513 ,GEOLOGICA-
1062 385 1134 462 tte

99 591 182 670 dus
205 571 493 678 thdrmometri
519 588 684 668 a--200
711 583 761 661 ad
785 583 937 685 -Ι-«ιιθο
964 583 1133 686 Cantigi.

103 705 474 804 Parallelogramma
506 699 602 778 inde
632 698 738 775 fiunt
767 711 806 776 et
839 696 947 775 calor
975 698 1133 775 medius

42 875 44 880 ,
105 821 147 896 in
190 820 331 922 quovis
371 816 743 920 parallelogramma
779 825 929 914 puncto
963 828 1133 905 notetur,

102 931 220 1036 *quod
253 944 383 1034 partes
415 929 561 1030 gradus
587 941 626 1006 et
648 926 796 1002 mensis
820 925 975 1004 indicat
1025 931 1134 1006 Tum

104 1060 252 1150 puncta
285 1069 404 1123 curva
433 1042 663 1142 jungantur,
697 1063 799 1141 quae
830 1039 945 1124 clima
979 1060 1140 1144 reprae·'

106 1173 248 1248 sentat‚
283 1174 331 1237 ut
364 1159 418 1237 ita
455 1156 643 1235 dicamus.
711 1151 816 1252 (Gsr.
848 1153 1022 1248 Schouw
1054 1155 1077 1232 l.
1103 1181 1133 1234 c.

106 1300 144 1376 p.
168 1275 253 1371 82.)
976 1347 979 1356 .

205 1389 357 1466 Curvae
381 1386 455 1464 hac
481 1383 776 1464 constructione
801 1381 1016 1487 descriptae
1039 1409 1133 1462 eon·
1191 1453 1193 1456 ,

106 1500 268 1582 siderari
293 1514 463 1603 possunt
485 1499 544 1578 uti
568 1499 795 1602 parabolae,
828 1521 931 1600 quae
959 1512 1053 1575 sunt
1074 1499 1133 1576 uti

105 1615 317 1716 parametri
350 1628 388 1691 et
413 1626 636 1715 parameter
660 1611 832 1715 aequalis
857 1625 916 1688 est
940 1611 1133 1714 quadrato

108 1727 313 1806 ordinatae
338 1726 465 1803 diviso
496 1752 569 1829 per
593 1726 813 1803 abscissam.
835 1725 973 1816 .Hinc,
997 1741 1043 1805 ut
1066 1727 1135 1804 ha·
1186 1747 1194 1762 ·

84 1827 201 1918 'beas
226 1840 565 1942 comparationem
591 1839 805 1928 climatum,
830 1863 945 1915 sume
967 1839 1141 1942 quadra·¹
1169 1845 1172 1852 ’

107 1969 196 2032 tum
221 1955 378 2032 numeri
405 1952 563 2032 dierum
589 1979 611 2032 a
635 1968 817 2056 tempore
837 1953 975 2032 medio
995 1955 1135 2032 caloris

108 2068 270 2144 maximi
302 2068 425 2145 totius
457 2069 569 2158 anni,
601 2092 731 2170 usque
763 2067 812 2144 ad
838 2083 990 2146 certum
1016 2069 1152 2173 diem„

109 2207 142 2258 e.
166 2206 201 2281 g.
225 2182 511 2281 sexagesimum
538 2196 577 2262 et
601 2181 736 2269 divide
766 2181 840 2284 per
869 2179 1145 2262 differentiam·

107 2295 306 2398 graduum
355 2297 494 2372 caloris
541 2297 703 2373 maximi
751 2311 790 2373 et
830 2295 969 2374 caloris
1009 2297 1134 2378 medii

107 2412 209 2488 circa
248 2410 370 2488 istum
413 2410 539 2499 diem,
581 2408 631 2486 ad
672 2435 794 2514 quem
836 2412 1135 2514 computaveris.

106 2524 275 2604 Numeri
307 2523 403 2600 inde
434 2524 557 2602 exorti
589 2523 767 2602 indicant
798 2524 971 2604 calorem
1006 2525 1135 2604 relati·

107 2663 206 2716 vum
231 2637 404 2716 climatis.
455 2638 518 2716 Sic
543 2637 766 2715 secundum
788 2639 963 2718 tabulam
982 2639 1136 2718 Schou·

107 2754 278 2830 arianam
311 2752 425 2830 clima
448 2753 723 2854 Lapponicum
750 2767 808 2830 est
838 2751 887 2830 ad
916 2751 1033 2834 clima
1064 2758 1135 2832 Pa·

108 2867 382 2946 normitanum
413 2864 496 2942 fere
528 2866 586 2942 uti
609 2870 693 2944 ,360
717 2897 726 2942 z
751 2870 825 2944 900
854 2862 1136 2944 :⁴1:1⁰2

97 2985 133 3068 ,2
149 2985 216 3070 zo,
252 2980 283 3056 si
321 2980 606 3079 sexagesimum
644 2980 753 3057 diem
783 3005 919 3058 versus
944 2981 1135 3083 aequino-

108 3097 232 3173 ctium
258 3095 487 3172 autumnale
511 3095 708 3179 sumseris.
758 3093 835 3171 Sed
856 3094 970 3171 clima
986 3096 1136 3171 Panor-

106 3212 306 3289 mitanum
333 3221 390 3286 est
415 3207 466 3285 ad
491 3209 607 3286 clima
632 3212 861 3290 Havanense
886 3207 944 3286 uti
969 3208 1070 3284 szt.

151 3311 160 3329 ”
206 3327 331 3425 Saepe
362 3323 628 3410 necessarium
659 3323 733 3400 erit
754 3336 973 3423 utrumque
997 3341 1135 3398 arcum
1230 3337 1234 3346 '

106 3434 317 3538 parabolae
350 3436 501 3530 calculo
534 3434 727 3532 subjicere
757 3462 778 3512 a
804 3434 934 3512 calore
957 3433 1133 3512 maximo

107 3563 190 3625 tam
219 3573 354 3630 versus
388 3549 687 3651 aequinoctium
718 3547 875 3648 vernale
912 3545 1034 3651 quam
1066 3572 1134 3626 au·

107 3662 301 3752 tumnale,
325 3663 556 3765 praesertim
579 3663 623 3738 in
655 3661 877 3739 climatibus
907 3660 1134 3763 intertropi·

108 3777 174 3853 cis.
225 3780 316 3872 Quo
347 3777 528 3879 pluribus
554 3775 895 3879 observationibus
920 3773 1028 3852 calor
1051 3799 1135 3849 ma·

87 3890 237 3966 'ximus
261 3889 384 3968 totius
400 3892 502 3968 anni
527 3889 822 3976 determinatur,
847 3912 922 3966 nec
945 3911 1030 3966 non
1048 3886 1134 3965 dies

104 4002 265 4079 medius
301 4002 405 4080 inter
436 4029 523 4093 eos,
562 4027 645 4105 quo
678 4003 786 4081 calor
815 4001 1013 4081 maximus
1037 4001 1134 4078 acci·

86 4115 201 4226 [dere
225 4115 342 4206 solet,
368 4116 462 4196 dein
487 4117 596 4196 calor
618 4116 778 4196 medius
803 4117 873 4222 qui
898 4117 999 4194 circa
1024 4114 1134 4194 diem

699 4277 701 4280 -
760 4233 811 4310 ιθ
