2852 4872
441 427 446 436 ,
596 376 755 456 FLOS.
1111 373 1186 454 ΝΒ
1289 497 1296 508 ‚
1408 404 1413 412 ·

165 576 276 654 ribus
298 575 489 677 sphaerae¹
510 577 731 680 composita
753 573 1008 654 membranae
1034 573 1185 659 inclusa

165 688 263 766 vidit
292 690 434 767 Mirbel
460 691 669 790 (Elemens
694 690 731 766 d.
754 685 924 787 Physiol,
949 710 1030 786 reg.
1057 693 1101 764 T.
1125 693 1184 766 31.

164 802 190 880 f.
215 802 313 898 au),
340 805 408 904 qui
434 805 578 882 multas
602 805 752 882 horum
775 802 924 880 formas
949 801 1186 904 optimeex-

164 917 307 1018 posuit
359 919 451 994 Tria
478 919 577 996 circa
602 919 782 996 medium
810 915 1027 1018 composita
1051 914 1094 989 in
1108 916 1186 996 Oe·

80 1103 86 1118 .
165 1030 332 1112 oothon
366 1033 592 1134 conspicere
622 1033 722 1110 lices.
775 1033 862 1110 Pini
888 1029 1049 1130 granula
1075 1051 1186 1106 ansas

164 1143 283 1223 veluti
316 1160 548 1228 monstrant.
605 1147 762 1223 Similes
793 1144 943 1222 formas
968 1143 1187 1222 observavit

164 1257 354 1359 &prengel
381 1259 540 1358 (Auleit
566 1263 598 1335 1.
623 1285 660 1359 p.
686 1262 766 1336 180.
775 1260 801 1357 ).

78 1412 82 1422 ·
262 1369 497 1472 superficies
529 1371 766 1475 plerumque
803 1373 920 1450 laevis
955 1385 1033 1460 est,
1070 1395 1187 1474 saepo

162 1507 258 1560 vero
281 1485 370 1586 pilis
397 1486 520 1563 obsite
547 1511 618 1562 seu
633 1485 782 1564 tubulis
798 1483 975 1564 fovillam
995 1484 1185 1563 exsudan-

162 1596 269 1690 tibus
294 1599 594 1698 (Malvaceae)..

261 1715 385 1814 Saepe
416 1713 566 1802 deficit,
599 1714 782 1792 antherae
813 1737 957 1792 vacuae
985 1713 1089 1790 inter
1125 1734 1185 1792 re·

163 1825 291 1928 liquas
324 1826 469 1906 fertiles
499 1828 766 1927 reperiuntur,
799 1853 830 1904 e.
854 1853 888 1927 g.
912 1829 956 1903 in
979 1825 1186 1904 Bauhiniis

22 1985 29 1992 ·
164 1940 333 2039 (Mirbel
357 1955 382 2016 t„
407 1943 465 2018 42
489 1939 514 2016 s.
540 1940 621 2036 10.)
646 1941 818 2042 aliisque.

260 2054 409 2132 Fovilla
444 2068 511 2130 aut
543 2054 672 2132 calore
706 2053 883 2143 exsudat,
909 2070 976 2132 aut
1000 2077 1102 2155 aqua
1124 2075 1186 2132 re·

163 2178 295 2268 sorpta
334 2166 553 2268 expellitur,
592 2193 668 2269 qua
694 2167 814 2244 simul
844 2191 931 2244 nou
960 2194 1051 2247 raro
1075 2193 1185 2246 rum·

163 2279 271 2382 pitur
285 2281 431 2382 pollen.
453 2280 606 2358 ‘Fovilla
623 2281 763 2358 emissa
781 2296 1013 2379 corrugatur
1027 2281 1173 2384 pollen

164 2462 265 2554 179.Ι
325 2466 684 2582 Anamorphosis
719 2461 986 2556 staminum
1022 2476 1072 2554 et
1103 2490 1185 2554 an·

223 2599 402 2695 thorae
458 2599 516 2692 fit
570 2600 824 2695 filamenti·
875 2601 1186 2705 (annositate.

175 2811 180 2822 .
226 2737 449 2853 ejusdem
483 2740 785 2860 expansione
816 2740 1106 2860 petaloidea,
1136 2750 1188 2830 et

227 2879 494 2971 coalitione
551 2909 668 2972 cum
723 2881 828 2972 aliis
885 2877 1025 2971 floris
1075 2907 1185 3000 par*
1309 2902 1318 2964 5

225 3017 371 3110 tibus,
752 3027 755 3039 '

176 3235 179 3245 ‹
259 3192 320 3266 De
368 3189 649 3291 anamorphoai
696 3188 912 3270 staminum
959 3200 1188 3266 monstrosa

163 3327 281 3406 supra
308 3307 380 3380 165
405 3299 555 3381 dictum
573 3317 639 3391 est,
656 3327 762 3388 nunc
780 3301 830 3395 de
847 3301 1012 3384 naturali
1030 3302 1166 3401 agitur.
1307 3311 1311 3318 '

258 3416 571 3518 Anemorphosis
593 3417 824 3498 carnositate
840 3415 1032 3518 produota
1048 3417 1187 3500 locum

164 3530 348 3618 hebetia
374 3531 685 3612 Cucurbiuceis.·
722 3530 860 3617 Loculi
886 3533 1184 3634 angustiappo-

165 3643 227 3734 siri
253 3644 405 3732 sinuosi
428 3645 472 3722 in
495 3643 950 3736 [ilementodecurrune
964 3659 1185 3728 extrorsum

167 3756 418 3846 dehiscentes.

259 3873 581 3975 Anemorphosin
617 3874 671 3956 ob
708 3873 988 3976 expansionem
1024 3869 1187 3976 poulai-

168 3983 284 4070 deam
319 3987 363 4074 in
398 3987 630 4090 Alpinioceis
666 3986 856 4072 videmus.
923 3987 1045 4086 Galyx‘
1077 3983 1186 4063 adest

154 4123 350 4202 xnuperus,
386 4101 535 4188 corolla
556 4101 838 4204 amonopetala.
873 4101 1003 4182 limbo.
1025 4099 1184 4202 duplici,
