2852 4872
288 393 362 468 254
720 395 881 476 FLOS.

283 593 365 672 'sert
390 617 439 670 an
460 591 607 673 solium
637 567 764 682 dicas,¹
786 617 836 670 an
860 595 1067 674 bracteam.
1116 603 1319 680 Monstro.

289 713 400 789 sitate
424 733 590 813 quoque
612 708 656 785 in
680 706 777 784 folia
801 707 987 801 redeunt,
1018 736 1049 788 e.
1074 736 1109 812 g.
1133 713 1177 788 in
1201 716 1319 793 Plan.

287 828 418 926 tagino
450 823 602 924 majore
634 835 672 899 et
708 820 1026 926 frequentissime
1065 827 1107 904 in
1141 828 1318 909 Salicum

289 941 464 1018 amentis.

384 1042 562 1116 Bracteas
588 1063 724 1113 uacuos
750 1035 857 1124 dico,
883 1059 985 1138 quae
1009 1037 1130 1116 flores
1156 1067 1201 1118 ex
1225 1038 1317 1121 axil-

279 1153 335 1230 lis
358 1177 443 1231 non
468 1149 687 1254 proferunt,
712 1152 805 1252 quia
830 1153 1042 1230 oblitterati
1072 1171 1173 1232 sunt.
1224 1163 1317 1236 Sae-

288 1269 449 1372 pissime
472 1267 741 1398 reperiuntur,
766 1265 917 1346 florum
942 1268 1180 1350 rudimentis
1196 1274 1316 1354 inter·

288 1385 388 1464 dum
413 1381 648 1484 conspicuis.

382 1492 555 1574 Difficile
596 1521 711 1599 saepe
749 1494 1004 1594 distinguitur
1037 1525 1058 1576 a
1088 1501 1315 1602 perianthio

260 1599 359 1692 ⁸scu
391 1612 528 1710 calyce.
580 1609 811 1686 Secundum
835 1611 1058 1687 Limnaeum
1084 1611 1206 1710 (Phil.
1230 1620 1315 1696 bot.

169 1721 171 1730 ’
285 1729 369 1825 89.)
394 1723 662 1830 perianthium
686 1740 846 1801 maturo
871 1723 1069 1815 fructu,
1038 1751 1071 1801 ει
1092 1753 1176 1806 non
1192 1734 1314 1834 prius,

285 1841 506 1929 marcescit,
543 1839 695 1916 foliola.
717 1839 870 1917 floralia
903 1859 988 1916 non
1013 1839 1124 1925 item.
1190 1849 1240 1923 At
1270 1851 1314 1924 in

285 1956 494 2060 permultis
518 1955 708 2030 bracteae
722 1968 812 2031 ante
835 1953 988 2031 fructus
1004 1959 1314 2038 maturationem
1411 1981 1412 2074 j

171 2087 178 2105 '
287 2088 325 2150 et
356 2070 527 2148 subinde
559 2094 652 2146 curn
681 2068 802 2146 flores
835 2070 1090 2171 explicantur,
1122 2073 1315 2153 decidunt
1411 2093 1412 2130 ἐ

275 2184 568 2288 (bigastrum).
642 2183 971 2285 Disquirendum.
1008 2199 1081 2273 est,
1131 2213 1181 2262 an
1221 2217 1313 2292 pars

286 2299 528 2404 quaestionis
570 2294 749 2394 ejusdem
789 2297 840 2372 sit
879 2299 1223 2394 gemmificationis
1268 2329 1312 2383 ac

284 2415 377 2503 llos,
403 2435 476 2489 nec
501 2433 562 2486 nc.
1242 2441 1245 2448 ·

383 2523 687 2627 Comparandus
719 2539 778 2602 est
813 2525 948 2627 itaque
985 2526 1082 2604 situs
1117 2527 1313 2609 foliorum

285 2663 379 2719 cum
403 2641 482 2718 situ
505 2639 763 2728 bractearum,
789 2653 857 2716 aut
881 2665 974 2716 cum
1000 2643 1186 2744 partibus,
1208 2671 1311 2748 quae

284 2759 462 2834 bracteae
493 2749 689 2830 dicuntur.
749 2758 853 2856 Nam
890 2755 922 2830 si
959 2757 1137 2836 bracteae
1159 2771 1312 2840 'vacuae

284 2885 441 2960 suntet
466 2868 584 2967 calyci
610 2868 819 2970 appositae,
845 2867 923 2946 alio
949 2871 1076 2949 modo
1095 2874 1156 2949 vix
1173 2874 1311 2952 distin-

284 3009 389 3086 gues.
448 2985 513 3062 Sic
548 2983 727 3060 bracteae
749 2983 867 3060 binae
892 2985 966 3060 sub
993 2987 1121 3084 calyce
1145 2989 1186 3065 in
1212 2993 1310 3066 Gra-

281 3099 379 3176 tiola
406 3095 595 3176 olficinali
620 3097 787 3198 positae,
824 3098 1003 3176 bracteae
1028 3116 1137 3191 sunt,
1161 3102 1310 3180 habent

283 3212 392 3288 enim
423 3209 544 3286 situm
577 3210 807 3312 oppositum
831 3209 1041 3302 foliorum,
1073 3228 1112 3293 et
1136 3215 1242 3313 calyx
1266 3218 1309 3294 iu

284 3321 470 3400 affinibus
497 3323 841 3427 quinquepartitus
867 3339 939 3414 est,
965 3351 1189 3429 numquam
1221 3355 1309 3433 sep·

282 3433 537 3539 tempartitus.

377 3549 621 3630 Affinitatem
654 3577 747 3628 cum
778 3552 987 3652 perigonio
1017 3545 1162 3656 probat
1190 3579 1308 3635 mon-

282 3679 432 3743 strosus
461 3661 504 3742 in
537 3666 671 3766 ipsum
703 3666 905 3755 transitus,
937 3691 1060 3770 quem
1083 3669 1127 3744 in
1153 3670 1307 3775 Tulipis

281 3780 484 3856 interdum
509 3778 775 3856 observamus

380 3899 471 3971 Non
496 3892 630 3970 solum
654 3894 729 3970 sub
753 3893 983 3997 pedunculo
1008 3896 1209 3998 primario,
1236 3840 1306 3975 sed

272 4029 446 4138 quoque
462 4009 537 4084 sub
554 4008 683 4098 ramis,
706 4011 878 4098 ramulis,
902 4007 1104 4112 pedicellis
1129 4013 1305 4089 bracteae

281 4118 555 4212 inveniuntur,
581 4145 722 4202 omnes
746 4121 876 4201 forma
893 4123 1167 4228 discrepantes.
1203 4127 1304 4202 Hinc
