2840 4878
2 379 3 386 Ν
118 322 124 342 ’
254 346 327 426 190
409 455 411 462 Ι
669 337 856 424 nomn.

264 563 291 570 ’·
350 545 494 648 Diplot
519 558 671 620 constat
693 567 715 618 e
741 543 890 620 cellulis
916 539 1132 641 maim-ihus
1149 561 1273 647 quam

253 664 296 738 in
322 661 481 747 cortice,
506 683 620 760 saepe
645 656 836 754 globosis,
867 657 1083 756 majoribus
1107 661 1275 738 minori-

252 777 409 875 busque
434 772 573 858 mixtis
597 784 642 846 ut
665 770 707 844 in
732 768 831 847 tue
847 801 878 848 a.
928 773 992 849 Sic
1015 773 1058 848 in
1074 774 1179 852 loliis
1202 776 1274 850 sic-

251 889 428 966 cioribus
443 885 681 987 plerumque
699 885 957 986 conspicisne·
973 887 1030 964 'In
1046 890 1170 986 magis
1188 911 1273 964 suc·
1290 977 1292 983 ¹

253 1002 417 1080 colentis
443 999 604 1078 cellulae
628 997 849 1076 secundum
874 1001 1028 1076 tertiam
1060 1001 1274 1078 dimensio-

177 1133 186 1162 ’
250 1131 347 1194 nem
383 1112 642 1213 (crassitiem)
685 1112 771 1190 folii
817 1113 1018 1213 elongatae
1059 1129 1165 1202 sunt,
1214 1115 1273 1189 nti

249 1231 277 1308 f.
298 1235 366 1309 27.Ι
383 1259 405 1307 e
426 1230 618 1306 ndemus
654 1231 723 1304 Est
747 1252 910 1329 quoque
934 1228 1063 1306 forma
1087 1229 1272 1304 interme·

253 1346 316 1422 dia
350 1343 522 1450 diploes
538 1367 559 1418 e
592 1342 741 1420 cellulis
770 1367 904 1424 versus
937 1344 1131 1420 ambitum
1163 1342 1273 1478 elon·

251 1461 348 1560 gatis
373 1459 415 1532 in
440 1456 576 1535 medio
603 1453 786 1553 globosis.

346 1571 483 1650 Nervi
496 1569 733 1678 plerumque
772 1595 845 1672 per
882 1570 1070 1646 corticem
1106 1562 1272 1698 paginae

250 1613 448 1764 inferioris
486 1681 710 1759 decernant.
774 1685 943 1761 Nonnisi
980 1686 1228 1784 exceptione
1249 1709 1270 1758 a

183 1851 186 1856 ·
249 1801 459 1900 regulam
488 1796 595 1873 soliis
626 1796 1068 1898 CamelliaeJaponicae
1105 1812 1145 1874 et
1184 1799 1290 1899 qui:
1416 1785 1417 1806 ¹

247 1913 420 1991 busdam
446 1911 530 1988 aliis
553 1936 625 2014 pen
646 1911 834 1988 corticem
858 1913 1022 2014 paginae
1057 1909 1271 2012 superioris

249 2029 477 2104 decurrunt

281 2179 285 2186 ·
345 2140 521 2217 Petiolus
551 2137 746 2216 sonnatur
774 2138 833 2215 uti
865 2163 999 2214 ramus
1030 2161 1052 2216 e
1076 2136 1270 2215 fasciculis

248 2255 412 2356 lignosis
444 2275 558 2356 saepe
594 2255 636 2326 in
670 2251 863 2328 annulum
894 2253 1093 2350 integrum
1118 2265 1186 2328 aut
1210 2251 1269 2326 di-

248 2367 460 2444 midiatum
485 2366 729 2442 coeuntibus.
777 2365 957 2442 Annulus
975 2365 1203 2442 dimidiatus
1226 2365 1268 2440 in
1359 2365 1365 2373 '

249 2482 368 2558 ramis
384 2504 469 2555 non
484 2479 690 2555 invenitur.
739 2480 928 2556 Fasciculi
946 2505 1109 2584 quoque
1125 2479 1267 2578 lignosi

247 2595 301 2672 ad
324 2595 436 2672 basin
467 2594 591 2690 magis
624 2591 778 2670 discreti
810 2608 930 2682 sunt·
949 2619 1082 2672 versus
1116 2595 1267 2726 apicem

248 2735 320 2788 seu
358 2706 445 2786 folii
485 2707 674 2785 laminam
714 2708 839 2807 magis
881 2710 1029 2797 accreti,
1066 2733 1159 2786 cum
1183 2707 1266 2783 uice

248 2849 355 2901 versa
380 2824 423 2898 in
449 2821 568 2902 caulis
601 2823 683 2898 basi
707 2824 832 2923 magis
857 2824 994 2900 acca-eti
1019 2823 1113 2912 sint,
1144 2847 1265 2946 quam

247 2937 434 3039 inapice.
927 2970 930 2978 ·
976 2963 979 2971 ·

342 3050 483 3127 Petioli
514 3065 653 3128 teretes
684 3049 1161 3150 Monocotyledonearum
1184 3051 1265 3128 son-

245 3165 342 3239 mati
378 3177 488 3250 sunt,
523 3165 581 3238 uti
618 3164 794 3267 ipsarum
832 3164 989 3242 caules·
1027 3167 1265 3243 Constante

244 3277 545 3378 parenchymate
569 3277 612 3352 in
650 3303 731 3382 quo
764 3277 936 3356 lasciculi
968 3279 1110 3377 lignosi
1135 3276 1265 3352 distai-

245 3389 331 3465 lmti
394 3403 507 3478 sunt,
561 3415 783 3495 numquam
840 3395 1141 3468 concrescentes.
1212 3393 1265 3467 tte

246 3503 406 3578 maximi
447 3505 601 3606 petioli,
648 3526 679 3581 e
712 3529 775 3602 g.
771 3505 968 3606 quales
956 3529 999 3580 an
1034 3505 1167 3583 Potho
1205 3503 1264 3579 di-

157 3634 159 3643 ’
243 3617 358 3718 gitata
390 3619 672 3720 conspicimus,
681 3619 806 3694 hanc
834 3632 1070 3756 structuram
1109 3617 1262 3754 optime

243 3734 472 3808 monstrant.
1253 3765 1256 3774 ·

264 3844 525 3922 Fasciculi
550 3845 730 3945 lignosi
716 3860 816 3924 antra
833 3831 1027 3950 petiolum
1044 3845 1159 3924 vanis
1171 3862 1260 3920 sese

243 3876 389 4036 liabent
412 3959 554 4038 modis
590 3961 754 4038 Discreti
779 3954 960 4062 quidem,
986 3976 1024 4038 at
1046 3969 1182 4037 versus
1202 3957 1261 4070 in-

242 4076 427 4153 aeriorem
465 4075 601 4178 petioli
642 4083 820 4178 partem
829 4075 881 4154 ita
908 4074 1192 4178 approximati,
1216 4057 1262 4148 ut
