2840 4870
272 365 358 467 aam
683 361 905 439 nenne.

275 559 498 662 &bunone
506 579 690 656 gemmae
704 557 835 634 statim
851 557 1074 638 delabentes
1096 553 1303 655 (caducae)

285 690 354 753 aut
375 687 468 776 post
490 671 789 774 explicationem
813 671 1063 772 (deciduae).

344 833 348 845 ·
379 785 442 866 td
465 809 641 884 gemmas
664 798 783 861 tectas
807 787 926 864 etiam
941 782 1179 871 referendae,
1199 807 1304 884 quae

284 902 387 979 intra
410 899 546 1004 petioli
570 899 682 979 basin
705 898 835 987 latent,
858 900 1066 998 tegmentis
1089 921 1173 974 non
1191 921 1304 998 prae-

276 1015 399 1096 ditae.
469 1013 705 1114 Eremplnm
751 1015 913 1115 praebet
947 1013 1076 1090 Ptelea
1106 1009 1301 1090 trifoliata

282 1127 381 1229 (Csr.
404 1126 584 1206 Medicus
605 1130 846 1226 Beytrigez.
870 1125 1014 1290 Pllanz.
1028 1129 1189 1242 Anatl
1210 1123 1304 1202 Hett

332 1299 548 1430 Gemma
572 1355 680 1430 nuda
702 1354 909 1452 tegmentis
933 1377 1017 1429 non
1035 1350 1211 1454 praedita
1227 1375 1303 1430 nec

278 1468 384 1547 tetra
407 1466 544 1569 petioli
567 1467 679 1544 basin
703 1467 861 1543 lateus
849 1492 903 1544 ιιι
917 1467 1155 1542 nostratibus
1185 1466 1302 1542 arho-

276 1583 392 1664 ithus
414 1581 540 1660 rarior
564 1595 635 1668 est,
659 1581 857 1659 invenitur
879 1595 1012 1658 tamen
1034 1580 1079 1656 in
1095 1579 1301 1676 Frangula,

278 1693 468 1796 frequens
500 1694 546 1770 in
582 1695 789 1771 arboribus
821 1694 1040 1770 calidarum
1077 1694 1300 1792 regionum,

283 1832 314 1884 e.
329 1823 382 1912 g.
417 1807 462 1884 in
495 1807 707 1910 Malpigbia
744 1809 931 1909 (Linnaei
968 1808 1067 1884 Diss.
1103 1811 1301 1884 Gammae

284 1922 483 1998 arborum.
522 1925 688 1999 Amoen.
713 1921 817 2000 acad.
841 1927 886 2002 V.
908 1925 943 1998 2
966 1948 1004 2023 p.
1029 1925 1110 1998 188.
1119 1921 1145 2017 ).

378 2040 545 2114 Gemma
569 2052 762 2116 contracta
784 2061 868 2112 non
894 2036 1100 2134 elongatur
1123 2049 1213 2110 ante
1237 2059 1299 2112 ex-

281 2142 532 2249 plicationem
582 2160 620 2225 et
668 2149 947 2246 divergentiam
987 2145 1196 2234 soliorum,
1236 2149 1296 2222 uti

279 2261 516 2364 plerumque
553 2260 639 2336 fieri
656 2261 660 2270 '
677 2262 794 2349 solet,
831 2263 927 2339 ιιιιίο
966 2275 1054 2338 ante
1078 2261 1299 2362 explicatio·

278 2398 398 2462 {tem
417 2387 484 2456 aut
511 2373 806 2472 divergentiam
845 2374 1035 2452 foliorum
1084 2375 1297 2471 elongatur.

281 2486 504 2596 Oretua'it
493 2512 536 2566 ιιι
567 2487 656 2564 Ρίιιί
690 2489 907 2590 speciebus,
936 2503 1026 2566 tum
1050 2513 1213 2590 quoque
1237 2513 1297 2564 ra-

279 2569 449 2675 dicalis'
438 2623 481 2673 ιιι
505 2602 702 2705 Asparago
729 2614 797 2678 etc

375 2716 565 2789 Gammae
584 2715 798 2792 '“eaulrnae
786 2740 829 2789 tn
830 2715 974 2792 axillis
999 2714 1194 2790 foliorum
1223 2736 1295 2814 po·
1398 2763 1399 2768 κ

278 2827 372 2926 ¹sitae
415 2829 681 2930 reperiuntur,
731 2829 895 2932 exceptis
941 2827 1264 2929 superioribus
1253 2851 1293 2900 m

277 2942 518 3048 quibusdam
543 2943 764 3026 Solanaceis
789 2958 827 3020 et
842 2941 1095 3040 Bomagineis,
1120 2963 1193 3030 nee
1209 2961 1293 3016 non
1398 3035 1399 3046 ἵ

275 3055 318 3132 in
349 3060 452 3135 Ruta
477 3057 654 3156 aliisque,
685 3057 757 3132 ubi
783 3083 804 3134 a
827 3056 934 3134 foliis
957 3053 1211 3149 ¹fuleientibus
1236 3050 1293 3126 di·

275 3183 407 3246 motae
445 3181 641 3267 apparent
700 3169 908 3250 Interdum
944 3190 1100 3266 gemma
1140 3163 1293 3267 paullu-

274 3278 361 3361 lum
382 3305 508 3378 ¹supra
540 3278 685 3358 folium
716 3285 894 3382 emergit,
924 3305 1045 3385 quam
1069 3285 1210 3359 elatam
1233 3276 1292 3354 di-

274 3392 382 3478 xeris
430 3396 621 3490 Gammae
651 3395 822 3484 caudicis
848 3395 1006 3474 ¹liberae
1043 3407 1289 3486 enascuntur,

273 3529 346 3586 nee
376 3529 421 3581 ex
453 3504 573 3582 axillis
598 3505 795 3584 foliorum*
814 3509 1064 3586 fulcientium
1087 3508 1147 3583 uti
1172 3529 1290 3606 supra

274 3616 424 3696 dietum
461 3630 526 3692 est.
587 3619 650 3694 Sic
687 3645 850 3722 quoque
886 3647 1065 3722 gemmae
1102 3644 1124 3696 e
1160 3618 1290 3701 rbiao-

271 3746 375 3829 mate
397 3731 671 3833 provenientes
694 3732 840 3820 liberae
864 3751 969 3830 sunt,
994 3733 1100 3810 foliis
1124 3731 1288 3810 firlcien·

271 3846 376 3921 tibus
413 3845 627 3922 destitutae.
698 3852 889 3930 Gammae
924 3847 1112 3926 radicatas
1148 3848 1288 3946 utique

271 3957 415 4048 liberae
438 3972 539 4036 sunt
1176 4017 1179 4020 -

276 4143 281 4150 .
315 4081 317 4086 '
366 4076 554 4176 Gammae
585 4075 807 4156 terminales
845 4101 1051 4156 rarnomm
1075 4096 1161 4150 non
1184 4095 1287 4148 sem-
