2852 4872
372 329 373 332 ‘
416 350 865 444 taracuarsara.
1080 351 1158 431 ear

123 545 475 650 peduncutorum·
494 575 640 650 organa
681 546 890 645 singularia
936 543 1155 652 deprehen·

124 662 286 742 duntur
317 667 406 770 pilis
442 663 673 742 fascictdatis
714 659 1156 748 simillima.,Ve1ruca

122 781 347 878 parietibus
387 777 618 856 cellularum
655 779 839 879 imposita
877 788 948 864 est,
991 801 1036 852 ex
1075 803 1156 855 una

124 909 318 970 constans
360 893 497 970 cellula
538 916 761 991 magna,·e
803 915 880 992 qua
924 892 1157 993 corpuscula

124 1009 273 1086 cortica
307 1022 449 1087 exeunt
480 1005 717 1104 divergentia
747 1004 999 1104 rigidiuscula
1039 1008 1158 1110 septis

123 1127 361 1201 transversis
405 1147 488 1199 non
532 1121 729 1208 distincta,
772 1143 886 1222 saepe
928 1119 1158 1222 inaequalia.

126 1237 339 1320 structura
371 1237 491 1334 igitur
517 1259 608 1310 cum
633 1235 722 1335 pilis
747 1234 872 1310 bulbo
898 1234 1095 1335 impositis
1120 1251 1160 1313 et

124 1346 368 1426 fasciculatis
394 1349 544 1449 optime
570 1347 820 1423 conveniunt

203 1491 207 1501 ·
230 1467 336 1542 Cum
362 1463 523 1540 cellulae
549 1462 793 1562 compositae
822 1465 909 1537 ae're
935 1486 1007 1538 nec
1038 1487 1157 1540 succo

124 1575 303 1678 repletae
344 1577 437 1664 sint,
480 1575 730 1677 superficiem
771 1575 919 1652 habent
962 1569 1159 1654 internam

125 1703 314 1768 externae
339 1690 524 1777 similem,
550 1691 592 1764 in
618 1715 695 1791 qua
720 1689 841 1787 igitur
858 1689 996 1766 eadem
1015 1716 1159 1790 organa

125 1803 437 1905 protruduntur,
456 1804 615 1904 quaein
634 1818 788 1880 externa
806 1805 988 1904 protrudi
1005 1807 1142 1883 solent.

230 1918 367 2005 Keith,
412 1917 481 2020 qui
523 1917 664 1992 haecce
708 1939 852 2013 organa
891 1919 1055 1996 nomine
1086 1947 1160 2022 pu·

127 2029 357 2110 hescentiae
397 2031 575 2120 internae
617 2029 802 2104 describit
839 2031 894 2127 (Α
934 2033 1083 2130 System
1118 2033 1169 2113 os

129 2143 418 2245 physiological
437 2148 599 2240 Botany.
624 2142 750 2218 Lond.
765 2145 870 2218 1816.
889 2149 932 2220 T.
951 2151 982 2221 1.
1000 2174 1036 2249 p.
1050 2149 1159 2246 372),
1293 2217 1296 2226 .

129 2257 523 2333 Leeuwenhoeldum
537 2257 714 2358 primum
734 2256 892 2343 vidisse,
915 2259 1006 2336 dein
1030 2266 1160 2338 Tour-

133 2369 352 2447 nesortiurn
372 2372 514 2447 melius
533 2369 781 2472 descripsisse
809 2369 999 2449 adfirmat.
1039 2376 1161 2480 Equi-

135 2483 230 2562 dem
262 2485 304 2560 in
338 2485 489 2586 scriptis
520 2485 699 2564 adrerum
726 2483 1076 2564 celeberrimorum
1102 2493 1197 2584 in„

133 2595 270 2676 venire
316 2599 426 2676 haud
473 2600 597 2701 potui.
669 2603 779 2701 Ypey
822 2601 1081 2698 (Verhandel.
1124 2601 1161 2679 d.

132 2715 414 2816 Maatschappy
443 2727 482 2789 te
512 2713 705 2790 Haerlem.
737 2717 782 2790 Τ.
809 2717 864 2789 14.
889 2742 926 2816 p.
951 2717 1058 2814 363.)
1083 2716 1162 2817 pri·
1216 2709 1219 2728 '

136 2815 232 2904 irtus
259 2843 435 2904 accurate
461 2829 671 2929 descripsit,
696 2827 810 2904 villos
834 2830 986 2904 vocavit
1007 2843 1044 2904 et
1069 2855 1161 2906 cum

135 2942 270 3018 tunica
301 2941 436 3018 villosa
473 2943 752 3018 intestinorum
785 2967 869 3016 non
908 2942 1010 3018 hene
1054 2967 1163 3018 com·
1217 3017 1221 3032 ,

135 3055 295 3158 paravit
376 3060 483 3131 Tum
537 3056 745 3158 Rudolphi
775 3066 941 3154 'organa
990 3053 1162 3154 neglecta

135 3169 285 3246 iterum
319 3167 460 3245 detexit
492 3169 814 3267 (Bemerkungen
841 3195 910 3246 aus
936 3169 972 3244 d.
1000 3171 1162 3248 Gehiete

138 3280 175 3358 d.
217 3283 470 3383 Naturgesch.
513 3282 587 3362 auf
621 3286 696 3360 ein.
736 3285 862 3361 Reise.
927 3283 1024 3359 Berl.
1058 3289 1163 3364 1805.

138 3399 182 3474 T.
214 3401 249 3473 2.
286 3425 323 3499 p.
353 3404 411 3474 99.
467 3402 648 3476 Anatom.
682 3396 1164 3500 d.1>ttanz.p.1tr.t.2.
1191 3441 1195 3462 ·

136 3509 162 3586 f.
195 3511 398 3608 1244).
453 3513 566 3604 Initia
598 3538 680 3590 esse
707 3526 774 3589 aut
797 3505 982 3612 reliquiis
1008 3511 1163 3604 cellula·

137 3651 231 3702 rum
258 3627 447 3728 Sprengel
473 3630 541 3725 (V.
565 3632 650 3704 Bau
675 3627 711 3704 d.
727 3631 843 3705 Gerr.
867 3651 904 3728 p.
928 3627 1017 3725 89.)
1042 3637 1162 3729 putat,

140 3752 179 3818 at
201 3739 305 3842 pilos
328 3741 471 3820 melius
497 3740 681 3818 referunt

142 3925 245 4020 ala.
305 3934 466 4022 Aculei
490 3943 738 4022 vocantur
763 3941 932 4064 partes
955 3923 1163 4016 cortinae

203 4065 406 4180 rigidae,
438 4067 722 4188 superficiei
737 4070 1038 4192 plantarum
1076 4063 1163 4174 im*
1243 4074 1249 4090 ’
