2852 4872
271 339 348 430 238
557 348 1013 440 lNTEGUMENTA,

289 611 293 618 .
370 548 529 635 Plantae
547 547 741 648 :iuniores
754 550 982 651 praesertim
1007 550 1097 652 pilis
1122 551 1301 636 obtentae

274 681 383 754 sunt,
414 667 570 768 plantae
601 664 754 767 alpinae
788 678 827 741 et
849 679 1073 752 montosae,
1097 665 1195 754 locis
1227 667 1301 742 sic-

274 783 331 862 cis
379 794 610 868 crescentes,
656 792 856 878 rentoque
898 776 1091 882 expositis.
1142 781 1302 870 Gallae,

274 911 471 1002 punctura
501 894 639 972 insecti
668 890 877 1002 ¹enjusdam
909 909 1079 983 exortae,
1103 895 1219 998 saepe
1243 897 1304 998 pi·
1406 909 1407 912 '

275 1013 337 1094 los
370 1021 528 1110 gerunt,
559 1022 698 1109 utpote
729 1008 779 1083 ab
818 1008 1064 1086 incremento
1102 1011 1302 1098 inchoato,

273 1149 348 1206 nec
366 1123 557 1227 perfecto.
609 1127 710 1201 Sunt
733 1136 865 1198 tamen
890 1123 1054 1224 plantae,
1080 1150 1181 1227 quae
1198 1127 1302 1226 pilos

276 1241 503 1344 proferunt,
530 1261 775 1339 quamquam
799 1237 841 1310 in
866 1236 914 1311 iis
939 1236 1061 1325 locis,
1079 1263 1180 1340 quae
1206 1239 1302 1319 dixi·
1407 1313 1408 1318 ,

276 1381 379 1444 mus,
404 1379 487 1432 non
515 1366 696 1438 crescant,
714 1351 860 1451 quibus
876 1374 971 1426 vero
990 1354 1175 1430 naturalis
1192 1355 1302 1430 nisus
1407 1383 1408 1440 ι

275 1470 393 1572 inest,
441 1477 570 1569 partes
607 1463 849 1543 excernendi.
922 1469 992 1572 Est
1028 1468 1195 1544 excretio
1239 1495 1303 1546 or·
1407 1495 1408 1566 j

304 1609 424 1663 nnrca.
1289 1651 1294 1662 ,

277 1609 303 1686 g
374 1703 650 1794 lntegumento
676 1693 909 1782 inserviunt,
939 1691 1010 1770 sed
1036 1719 1128 1772 casu
1152 1696 1195 1772 id
1220 1673 1305 1774 tan-

162 1893 165 1900 ,
276 1827 365 1890 turn
390 1809 491 1898 fieri,
518 1807 822 1885 existimandum
848 1821 914 1884 est

375 1931 575 2002 Humores
608 1927 821 2014 excernunt
852 1945 967 2024 saepe
1000 1924 1302 2024 conspiciendos

280 2040 364 2140 (csr.
391 2037 629 2118 Grundlehr.
657 2035 693 2112 d.
718 2039 828 2114 Anat
853 2064 890 2137 p.
919 2037 1027 2134 m).
1075 2037 1187 2114 Idem
1208 2055 1304 2118 tunc

278 2167 489 2258 praestant,
526 2151 639 2255 quod
677 2150 907 2252 epidermis,
946 2166 984 2228 et
1015 2151 1304 2254 epidermidem
1408 2233 1409 2262 i

279 2270 554 2374 prolongatam
579 2265 729 2342 sistunt
1408 2283 1409 2370 g

380 2387 497 2466 Sunt,
546 2380 621 2482 qui
668 2379 905 2480 putaverint,
953 2379 1059 2480 pilos
1099 2384 1304 2478 resorbere
1408 2375 1409 2402 ³

281 2494 482 2600 (Schrank
518 2520 552 2568 v.
591 2492 626 2568 d.
663 2491 933 2594 Nebengefass.
970 2522 1007 2596 p.
1045 2497 1136 2592 72).
1196 2498 1305 2574 Pilos

279 2610 508 2714 praesertim
540 2608 584 2684 in
614 2607 814 2685 radicibus
852 2610 1018 2687 obortos
1050 2610 1146 2685 huic
1179 2636 1302 2713 scopo

282 2725 431 2803 dicatos
469 2747 552 2798 esse
588 2722 806 2823 perhibent.
862 2727 913 2802 At
943 2724 1012 2828 pili
1037 2723 1079 2818 in
1104 2725 1305 2801 radicibus

280 2854 440 2917 tantum
454 2836 647 2926 oriuntur,
672 2838 741 2914 ubi
759 2838 933 2930 humum
958 2863 1043 2916 non
1061 2840 1305 2938 contingunt,

282 2968 321 3031 et
344 2953 414 3030 ubi
441 2951 622 3028 alimenta
645 2951 802 3030 haurire
820 2945 1033 3056 nequeunt.
1081 2957 1306 3031 Incremen-

198 3139 201 3148 .
279 3082 369 3146 tum
385 3065 635 3144 ramulorum
652 3065 891 3170 impeditum
910 3092 992 3144 esse
1008 3069 1142 3168 potius
1165 3083 1307 3150 testan-

280 3195 356 3257 tur.
410 3181 585 3269 Plantae,
619 3206 721 3282 quae
753 3181 966 3257 certissime
998 3181 1214 3258 humorem
1247 3207 1308 3256 re-

282 3295 461 3380 sorbent,
507 3317 537 3370 e.
580 3317 613 3391 g.
654 3295 918 3384 succulentae,
950 3295 1048 3372 locis
1085 3293 1306 3374 siccissimis

283 3421 498 3485 crescentes
523 3406 781 3505 glabenr'mae
807 3423 908 3486 sunt.

284 3565 385 3658 144.
447 3561 508 3661 In
544 3561 730 3652 cellulis
766 3561 1126 3698 Aquaticarum
1172 3592 1307 3655 com-

344 3702 517 3824 positis
565 3707 647 3822 pili
694 3707 857 3791 antemi
905 3703 1117 3796 subinde
1164 3731 1306 3822 repe·

344 3843 554 3934 riuntur.

303 4004 307 4014 ‘
380 3987 427 4068 ln
458 3974 608 4064 cellulis
636 3961 917 4088 Aquaticarum
942 3951 1172 4090 compositis
1197 3949 1307 4089 prae-

284 4100 421 4184 sanan
465 4101 718 4204 Nyrnphaeae
762 4116 844 4182 tarn
885 4103 1147 4209 petiolorum,
1185 4125 1307 4204 quam
