<?xml version="1.0" encoding="UTF-8"?>
<!DOCTYPE html PUBLIC "-//W3C//DTD XHTML 1.0 Transitional//EN"
    "http://www.w3.org/TR/xhtml1/DTD/xhtml1-transitional.dtd">
<html xmlns="http://www.w3.org/1999/xhtml" xml:lang="en" lang="en">
 <head>
  <title>
</title>
<meta http-equiv="Content-Type" content="text/html;charset=utf-8" />
  <meta name='ocr-system' content='tesseract 3.04.00' />
  <meta name='ocr-capabilities' content='ocr_page ocr_carea ocr_par ocr_line ocrx_word'/>
</head>
<body>
  <div class='ocr_page' id='page_1' title='image "./elementaphiloso00linkgoog_0275.png"; bbox 0 0 2852 4872; ppageno 0'>
   <div class='ocr_carea' id='block_1_1' title="bbox 712 345 1052 456">
    <p class='ocr_par' dir='ltr' id='par_1_1' title="bbox 712 345 1052 456">
     <span class='ocr_line' id='line_1_1' title="bbox 712 345 1052 456; baseline 0.003 -2"><span class='ocrx_word' id='word_1_1' title='bbox 712 380 873 456; x_wconf 71' lang='lat' dir='ltr'>reos.</span> <span class='ocrx_word' id='word_1_2' title='bbox 977 439 984 448; x_wconf 80' lang='grc'><em>,</em></span> <span class='ocrx_word' id='word_1_3' title='bbox 1041 345 1052 371; x_wconf 56' lang='lat'>‘</span> 
     </span>
    </p>
   </div>
   <div class='ocr_carea' id='block_1_2' title="bbox 438 652 1294 970">
    <p class='ocr_par' dir='ltr' id='par_1_2' title="bbox 438 652 1294 970">
     <span class='ocr_line' id='line_1_2' title="bbox 771 652 811 737; baseline -0.025 0"><span class='ocrx_word' id='word_1_4' title='bbox 771 652 811 737; x_wconf 76' lang='lat'>2.</span> 
     </span>
     <span class='ocr_line' id='line_1_3' title="bbox 438 817 1294 970; baseline -0.004 -58"><span class='ocrx_word' id='word_1_5' title='bbox 438 858 439 864; x_wconf 27' lang='grc' dir='ltr'>ψ</span> <span class='ocrx_word' id='word_1_6' title='bbox 487 817 1082 943; x_wconf 74' lang='lat' dir='ltr'>nucupcacunnu</span> <span class='ocrx_word' id='word_1_7' title='bbox 1291 959 1294 970; x_wconf 21' lang='grc' dir='ltr'>Ι</span> 
     </span>
    </p>
   </div>
   <div class='ocr_carea' id='block_1_3' title="bbox 282 1039 1298 1412">
    <p class='ocr_par' dir='ltr' id='par_1_3' title="bbox 282 1039 1298 1412">
     <span class='ocr_line' id='line_1_4' title="bbox 282 1039 1298 1160; baseline 0 -33"><span class='ocrx_word' id='word_1_8' title='bbox 282 1039 380 1128; x_wconf 81' lang='grc'><strong>157.</strong></span> <span class='ocrx_word' id='word_1_9' title='bbox 441 1039 778 1160; x_wconf 82' lang='lat' dir='ltr'>Receptaculum</span> <span class='ocrx_word' id='word_1_10' title='bbox 816 1071 874 1132; x_wconf 85' lang='lat' dir='ltr'>ea</span> <span class='ocrx_word' id='word_1_11' title='bbox 915 1068 1032 1158; x_wconf 85' lang='lat' dir='ltr'>pars</span> <span class='ocrx_word' id='word_1_12' title='bbox 1079 1049 1298 1140; x_wconf 78' lang='lat' dir='ltr'>vocatur,</span> 
     </span>
     <span class='ocr_line' id='line_1_5' title="bbox 340 1175 1297 1300; baseline 0 -32"><span class='ocrx_word' id='word_1_13' title='bbox 340 1205 467 1298; x_wconf 91' lang='lat' dir='ltr'>quae</span> <span class='ocrx_word' id='word_1_14' title='bbox 523 1180 740 1300; x_wconf 87' lang='lat' dir='ltr'>reliquas</span> <span class='ocrx_word' id='word_1_15' title='bbox 801 1195 968 1300; x_wconf 85' lang='lat' dir='ltr'>partes</span> <span class='ocrx_word' id='word_1_16' title='bbox 1025 1175 1164 1271; x_wconf 87' lang='lat' dir='ltr'>floris</span> <span class='ocrx_word' id='word_1_17' title='bbox 1221 1205 1297 1268; x_wconf 89' lang='lat' dir='ltr'>su·</span> 
     </span>
     <span class='ocr_line' id='line_1_6' title="bbox 338 1319 499 1412; baseline 0.012 -4"><span class='ocrx_word' id='word_1_18' title='bbox 338 1319 499 1412; x_wconf 84' lang='lat' dir='ltr'>stinet.</span> 
     </span>
    </p>
   </div>
   <div class='ocr_carea' id='block_1_4' title="bbox 275 1475 1416 1682">
    <p class='ocr_par' dir='ltr' id='par_1_4' title="bbox 275 1475 1416 1682">
     <span class='ocr_line' id='line_1_7' title="bbox 370 1475 1295 1593; baseline -0.008 -27"><span class='ocrx_word' id='word_1_19' title='bbox 370 1491 677 1590; x_wconf 74' lang='lat' dir='ltr'>Receptaculum</span> <span class='ocrx_word' id='word_1_20' title='bbox 700 1490 861 1593; x_wconf 83' lang='lat' dir='ltr'>propn‘a</span> <span class='ocrx_word' id='word_1_21' title='bbox 885 1513 974 1590; x_wconf 88' lang='lat' dir='ltr'>pars</span> <span class='ocrx_word' id='word_1_22' title='bbox 999 1511 1083 1563; x_wconf 92' lang='lat' dir='ltr'>non</span> <span class='ocrx_word' id='word_1_23' title='bbox 1116 1497 1193 1573; x_wconf 78' lang='lat' dir='ltr'>est.</span> <span class='ocrx_word' id='word_1_24' title='bbox 1224 1475 1295 1560; x_wconf 87' lang='lat' dir='ltr'>sed</span> 
     </span>
     <span class='ocr_line' id='line_1_8' title="bbox 275 1601 1416 1682; baseline -0.002 -6"><span class='ocrx_word' id='word_1_25' title='bbox 275 1601 395 1679; x_wconf 76' lang='lat' dir='ltr'>variat</span> <span class='ocrx_word' id='word_1_26' title='bbox 418 1603 779 1682; x_wconf 79' lang='lat' dir='ltr'>secundumlloris</span> <span class='ocrx_word' id='word_1_27' title='bbox 803 1602 993 1678; x_wconf 82' lang='lat' dir='ltr'><strong>indolem.</strong></span> <span class='ocrx_word' id='word_1_28' title='bbox 1415 1605 1416 1632; x_wconf 31' lang='lat' dir='ltr'>l</span> 
     </span>
    </p>
   </div>
   <div class='ocr_carea' id='block_1_5' title="bbox 275 1711 1416 1931">
    <p class='ocr_par' dir='ltr' id='par_1_5' title="bbox 275 1711 1416 1931">
     <span class='ocr_line' id='line_1_9' title="bbox 369 1711 1416 1818; baseline -0.011 -24"><span class='ocrx_word' id='word_1_29' title='bbox 369 1718 609 1818; x_wconf 82' lang='lat' dir='ltr'><strong>Plerumque</strong></span> <span class='ocrx_word' id='word_1_30' title='bbox 627 1741 722 1818; x_wconf 84' lang='lat' dir='ltr'>apex</span> <span class='ocrx_word' id='word_1_31' title='bbox 737 1716 952 1818; x_wconf 90' lang='lat' dir='ltr'>pedunculi</span> <span class='ocrx_word' id='word_1_32' title='bbox 969 1716 1093 1814; x_wconf 85' lang='lat' dir='ltr'>magis</span> <span class='ocrx_word' id='word_1_33' title='bbox 1114 1711 1294 1810; x_wconf 82' lang='lat' dir='ltr'>minusve</span> <span class='ocrx_word' id='word_1_34' title='bbox 1415 1761 1416 1782; x_wconf 63' lang='lat'><em>2</em></span> 
     </span>
     <span class='ocr_line' id='line_1_10' title="bbox 275 1825 1416 1931; baseline -0.008 -24"><span class='ocrx_word' id='word_1_35' title='bbox 275 1831 454 1908; x_wconf 75' lang='lat' dir='ltr'>dilatatus</span> <span class='ocrx_word' id='word_1_36' title='bbox 480 1855 621 1908; x_wconf 89' lang='lat' dir='ltr'>omnes</span> <span class='ocrx_word' id='word_1_37' title='bbox 646 1831 758 1908; x_wconf 85' lang='lat' dir='ltr'>floris</span> <span class='ocrx_word' id='word_1_38' title='bbox 782 1844 909 1931; x_wconf 89' lang='lat' dir='ltr'>partes</span> <span class='ocrx_word' id='word_1_39' title='bbox 934 1830 1099 1905; x_wconf 83' lang='lat' dir='ltr'>sustinet</span> <span class='ocrx_word' id='word_1_40' title='bbox 1113 1825 1196 1902; x_wconf 88' lang='lat' dir='ltr'>basi</span> <span class='ocrx_word' id='word_1_41' title='bbox 1213 1849 1294 1912; x_wconf 88' lang='lat' dir='ltr'>sua,</span> <span class='ocrx_word' id='word_1_42' title='bbox 1415 1843 1416 1852; x_wconf 56' lang='lat'>¹</span> 
     </span>
    </p>
   </div>
   <div class='ocr_carea' id='block_1_6' title="bbox 274 1939 1293 2042">
    <p class='ocr_par' dir='ltr' id='par_1_6' title="bbox 274 1939 1293 2042">
     <span class='ocr_line' id='line_1_11' title="bbox 274 1939 1293 2042; baseline -0.006 -22"><span class='ocrx_word' id='word_1_43' title='bbox 274 1944 453 2042; x_wconf 84' lang='lat' dir='ltr'>calycem,</span> <span class='ocrx_word' id='word_1_44' title='bbox 479 1944 679 2034; x_wconf 89' lang='lat' dir='ltr'>corollam,</span> <span class='ocrx_word' id='word_1_45' title='bbox 705 1945 869 2021; x_wconf 74' lang='lat' dir='ltr'>stamina</span> <span class='ocrx_word' id='word_1_46' title='bbox 887 1944 1036 2030; x_wconf 79' lang='lat' dir='ltr'>emittit,</span> <span class='ocrx_word' id='word_1_47' title='bbox 1053 1956 1140 2018; x_wconf 85' lang='lat' dir='ltr'>tum</span> <span class='ocrx_word' id='word_1_48' title='bbox 1156 1939 1293 2042; x_wconf 89' lang='lat' dir='ltr'>paullo</span> 
     </span>
    </p>
   </div>
   <div class='ocr_carea' id='block_1_7' title="bbox 271 2054 1416 2477">
    <p class='ocr_par' dir='ltr' id='par_1_7' title="bbox 271 2054 1416 2512">
     <span class='ocr_line' id='line_1_12' title="bbox 272 2054 1416 2162; baseline -0.004 -28"><span class='ocrx_word' id='word_1_49' title='bbox 272 2057 432 2158; x_wconf 84' lang='lat' dir='ltr'>longius</span> <span class='ocrx_word' id='word_1_50' title='bbox 461 2059 681 2161; x_wconf 78' lang='lat' dir='ltr'>productus</span> <span class='ocrx_word' id='word_1_51' title='bbox 715 2059 894 2136; x_wconf 77' lang='lat' dir='ltr'>orarium</span> <span class='ocrx_word' id='word_1_52' title='bbox 925 2057 1023 2154; x_wconf 82' lang='lat' dir='ltr'>gerit</span> <span class='ocrx_word' id='word_1_53' title='bbox 1056 2080 1148 2131; x_wconf 89' lang='lat' dir='ltr'>cum</span> <span class='ocrx_word' id='word_1_54' title='bbox 1181 2054 1292 2152; x_wconf 81' lang='lat' dir='ltr'>stylo.</span> <span class='ocrx_word' id='word_1_55' title='bbox 1415 2093 1416 2162; x_wconf 70' lang='lat' dir='ltr'>j</span> 
     </span>
     <span class='ocr_line' id='line_1_13' title="bbox 272 2170 1416 2270; baseline -0.003 -25"><span class='ocrx_word' id='word_1_56' title='bbox 272 2171 454 2250; x_wconf 74' lang='lat' dir='ltr'>Dilalatio</span> <span class='ocrx_word' id='word_1_57' title='bbox 487 2174 614 2249; x_wconf 75' lang='lat' dir='ltr'>oritur</span> <span class='ocrx_word' id='word_1_58' title='bbox 646 2201 666 2249; x_wconf 89' lang='lat' dir='ltr'>a</span> <span class='ocrx_word' id='word_1_59' title='bbox 691 2171 865 2249; x_wconf 87' lang='lat' dir='ltr'>medulla</span> <span class='ocrx_word' id='word_1_60' title='bbox 891 2185 1018 2257; x_wconf 77' lang='lat' dir='ltr'>aucta,</span> <span class='ocrx_word' id='word_1_61' title='bbox 1043 2170 1101 2245; x_wconf 84' lang='lat' dir='ltr'>uti</span> <span class='ocrx_word' id='word_1_62' title='bbox 1127 2190 1292 2270; x_wconf 87' lang='lat' dir='ltr'>quoque</span> <span class='ocrx_word' id='word_1_63' title='bbox 1415 2227 1416 2242; x_wconf 46' lang='lat'>2</span> 
     </span>
     <span class='ocr_line' id='line_1_14' title="bbox 273 2283 1416 2390; baseline -0.005 -27"><span class='ocrx_word' id='word_1_64' title='bbox 273 2287 394 2363; x_wconf 86' lang='lat' dir='ltr'>caulis</span> <span class='ocrx_word' id='word_1_65' title='bbox 424 2288 495 2363; x_wconf 88' lang='lat' dir='ltr'>ubi</span> <span class='ocrx_word' id='word_1_66' title='bbox 526 2284 619 2362; x_wconf 89' lang='lat' dir='ltr'>solia</span> <span class='ocrx_word' id='word_1_67' title='bbox 653 2287 793 2360; x_wconf 79' lang='lat' dir='ltr'>emittit</span> <span class='ocrx_word' id='word_1_68' title='bbox 817 2285 869 2360; x_wconf 93' lang='lat' dir='ltr'>ob</span> <span class='ocrx_word' id='word_1_69' title='bbox 894 2283 1112 2360; x_wconf 81' lang='lat' dir='ltr'>medullam</span> <span class='ocrx_word' id='word_1_70' title='bbox 1137 2297 1293 2358; x_wconf 76' lang='lat' dir='ltr'>auctam</span> <span class='ocrx_word' id='word_1_71' title='bbox 1415 2363 1416 2390; x_wconf 15' lang='grc' dir='ltr'><strong>ξ</strong></span> 
     </span>
     <span class='ocr_line' id='line_1_15' title="bbox 271 2396 1291 2477; baseline -0.005 0"><span class='ocrx_word' id='word_1_72' title='bbox 271 2401 513 2477; x_wconf 78' lang='lat' dir='ltr'><strong>incrassatur.</strong></span> <span class='ocrx_word' id='word_1_73' title='bbox 573 2398 747 2476; x_wconf 83' lang='lat' dir='ltr'>Medulla</span> <span class='ocrx_word' id='word_1_74' title='bbox 784 2422 868 2473; x_wconf 91' lang='lat' dir='ltr'>non</span> <span class='ocrx_word' id='word_1_75' title='bbox 898 2422 988 2472; x_wconf 86' lang='lat' dir='ltr'>raro</span> <span class='ocrx_word' id='word_1_76' title='bbox 1014 2396 1199 2474; x_wconf 82' lang='lat' dir='ltr'>lacunosa</span> <span class='ocrx_word' id='word_1_77' title='bbox 1224 2408 1291 2472; x_wconf 78' lang='lat' dir='ltr'>est.</span> 
     </span>
    </p>
   </div>
   <div class='ocr_carea' id='block_1_8' title="bbox 271 2509 1416 2726">
    <p class='ocr_par' dir='ltr' id='par_1_8' title="bbox 271 2509 1416 2726">
     <span class='ocr_line' id='line_1_16' title="bbox 271 2509 1416 2613; baseline -0.006 -23"><span class='ocrx_word' id='word_1_78' title='bbox 271 2512 428 2590; x_wconf 81' lang='lat' dir='ltr'>Plantae</span> <span class='ocrx_word' id='word_1_79' title='bbox 452 2514 683 2613; x_wconf 82' lang='lat' dir='ltr'>hypogynae</span> <span class='ocrx_word' id='word_1_80' title='bbox 706 2513 786 2588; x_wconf 93' lang='lat' dir='ltr'>huc</span> <span class='ocrx_word' id='word_1_81' title='bbox 810 2509 1014 2612; x_wconf 68' lang='lat' dir='ltr'>pertinent</span> <span class='ocrx_word' id='word_1_82' title='bbox 1415 2589 1416 2592; x_wconf 1' lang='lat' dir='ltr'>a</span> 
     </span>
     <span class='ocr_line' id='line_1_17' title="bbox 366 2621 1416 2726; baseline -0.001 -23"><span class='ocrx_word' id='word_1_83' title='bbox 366 2630 414 2703; x_wconf 85' lang='lat'>111</span> <span class='ocrx_word' id='word_1_84' title='bbox 451 2627 624 2726; x_wconf 81' lang='lat' dir='ltr'>epigynis</span> <span class='ocrx_word' id='word_1_85' title='bbox 661 2651 744 2703; x_wconf 92' lang='lat' dir='ltr'>non</span> <span class='ocrx_word' id='word_1_86' title='bbox 781 2649 871 2700; x_wconf 86' lang='lat' dir='ltr'>raro</span> <span class='ocrx_word' id='word_1_87' title='bbox 906 2625 1031 2700; x_wconf 75' lang='lat' dir='ltr'>disum</span> <span class='ocrx_word' id='word_1_88' title='bbox 1063 2622 1164 2699; x_wconf 80' lang='lat' dir='ltr'>intra</span> <span class='ocrx_word' id='word_1_89' title='bbox 1190 2621 1289 2721; x_wconf 88' lang='lat' dir='ltr'>caly·</span> <span class='ocrx_word' id='word_1_90' title='bbox 1415 2623 1416 2702; x_wconf 62' lang='lat' dir='ltr'>l</span> 
     </span>
    </p>
   </div>
   <div class='ocr_carea' id='block_1_9' title="bbox 272 2735 1416 2841">
    <p class='ocr_par' dir='ltr' id='par_1_9' title="bbox 272 2735 1416 2841">
     <span class='ocr_line' id='line_1_18' title="bbox 272 2735 1416 2841; baseline -0.003 -24"><span class='ocrx_word' id='word_1_91' title='bbox 272 2765 359 2818; x_wconf 86' lang='lat' dir='ltr'>cem</span> <span class='ocrx_word' id='word_1_92' title='bbox 381 2737 577 2816; x_wconf 79' lang='lat' dir='ltr'>formatur</span> <span class='ocrx_word' id='word_1_93' title='bbox 600 2755 727 2841; x_wconf 75' lang='lat' dir='ltr'>panes</span> <span class='ocrx_word' id='word_1_94' title='bbox 751 2739 964 2815; x_wconf 76' lang='lat' dir='ltr'>interiores</span> <span class='ocrx_word' id='word_1_95' title='bbox 981 2737 1185 2814; x_wconf 82' lang='lat' dir='ltr'>sustinens.</span> <span class='ocrx_word' id='word_1_96' title='bbox 1232 2741 1291 2814; x_wconf 82' lang='lat' dir='ltr'>Ex</span> <span class='ocrx_word' id='word_1_97' title='bbox 1415 2735 1416 2748; x_wconf 51' lang='lat'><em>³</em></span> 
     </span>
    </p>
   </div>
   <div class='ocr_carea' id='block_1_10' title="bbox 267 2851 1302 3847">
    <p class='ocr_par' dir='ltr' id='par_1_10' title="bbox 267 2851 1302 3847">
     <span class='ocr_line' id='line_1_19' title="bbox 271 2851 1288 2954; baseline -0.006 -22"><span class='ocrx_word' id='word_1_98' title='bbox 271 2855 350 2932; x_wconf 89' lang='lat' dir='ltr'>alio</span> <span class='ocrx_word' id='word_1_99' title='bbox 376 2865 527 2930; x_wconf 78' lang='lat' dir='ltr'>constal</span> <span class='ocrx_word' id='word_1_100' title='bbox 543 2866 726 2949; x_wconf 76' lang='lat' dir='ltr'>contextu</span> <span class='ocrx_word' id='word_1_101' title='bbox 745 2852 934 2930; x_wconf 88' lang='lat' dir='ltr'>celluloso</span> <span class='ocrx_word' id='word_1_102' title='bbox 953 2875 995 2926; x_wconf 92' lang='lat' dir='ltr'>ac</span> <span class='ocrx_word' id='word_1_103' title='bbox 1012 2851 1185 2952; x_wconf 88' lang='lat' dir='ltr'>reliquae</span> <span class='ocrx_word' id='word_1_104' title='bbox 1200 2877 1288 2954; x_wconf 86' lang='lat' dir='ltr'>par·</span> 
     </span>
     <span class='ocr_line' id='line_1_20' title="bbox 269 2964 1288 3069; baseline -0.003 -24"><span class='ocrx_word' id='word_1_105' title='bbox 269 2982 344 3054; x_wconf 80' lang='lat' dir='ltr'>tes3</span> <span class='ocrx_word' id='word_1_106' title='bbox 376 2993 448 3069; x_wconf 86' lang='lat' dir='ltr'>per</span> <span class='ocrx_word' id='word_1_107' title='bbox 486 2965 594 3042; x_wconf 91' lang='lat' dir='ltr'>hunc</span> <span class='ocrx_word' id='word_1_108' title='bbox 623 2981 827 3044; x_wconf 85' lang='lat' dir='ltr'>transeunt</span> <span class='ocrx_word' id='word_1_109' title='bbox 858 2964 1031 3044; x_wconf 79' lang='lat' dir='ltr'>fasciculi</span> <span class='ocrx_word' id='word_1_110' title='bbox 1064 2965 1205 3062; x_wconf 85' lang='lat' dir='ltr'>lignosi</span> <span class='ocrx_word' id='word_1_111' title='bbox 1238 2964 1288 3043; x_wconf 89' lang='lat' dir='ltr'>ad</span> 
     </span>
     <span class='ocr_line' id='line_1_21' title="bbox 269 3078 1288 3182; baseline 0 -26"><span class='ocrx_word' id='word_1_112' title='bbox 269 3081 433 3156; x_wconf 86' lang='lat' dir='ltr'>stamina</span> <span class='ocrx_word' id='word_1_113' title='bbox 460 3094 527 3155; x_wconf 80' lang='lat' dir='ltr'>etc.</span> <span class='ocrx_word' id='word_1_114' title='bbox 552 3081 799 3182; x_wconf 76' lang='lat' dir='ltr'><strong>pertinentes.</strong></span> <span class='ocrx_word' id='word_1_115' title='bbox 847 3081 987 3155; x_wconf 83' lang='lat' dir='ltr'>Discus</span> <span class='ocrx_word' id='word_1_116' title='bbox 1011 3078 1121 3154; x_wconf 91' lang='lat' dir='ltr'>hicce</span> <span class='ocrx_word' id='word_1_117' title='bbox 1144 3078 1187 3153; x_wconf 89' lang='lat' dir='ltr'>in</span> <span class='ocrx_word' id='word_1_118' title='bbox 1213 3083 1288 3156; x_wconf 85' lang='lat' dir='ltr'>Ga·</span> 
     </span>
     <span class='ocr_line' id='line_1_22' title="bbox 269 3191 1266 3296; baseline 0.003 -29"><span class='ocrx_word' id='word_1_119' title='bbox 269 3191 404 3268; x_wconf 78' lang='lat' dir='ltr'>lanlho</span> <span class='ocrx_word' id='word_1_120' title='bbox 422 3193 538 3267; x_wconf 85' lang='lat' dir='ltr'>nivali</span> <span class='ocrx_word' id='word_1_121' title='bbox 556 3195 811 3296; x_wconf 81' lang='lat' dir='ltr'>conspicitur,</span> <span class='ocrx_word' id='word_1_122' title='bbox 836 3194 970 3270; x_wconf 88' lang='lat' dir='ltr'>colore</span> <span class='ocrx_word' id='word_1_123' title='bbox 987 3192 1076 3270; x_wconf 87' lang='lat' dir='ltr'>albo</span> <span class='ocrx_word' id='word_1_124' title='bbox 1094 3191 1266 3292; x_wconf 82' lang='lat' dir='ltr'>insignis</span> 
     </span>
     <span class='ocr_line' id='line_1_23' title="bbox 366 3304 1302 3408; baseline -0.001 -27"><span class='ocrx_word' id='word_1_125' title='bbox 366 3304 480 3402; x_wconf 86' lang='lat' dir='ltr'>Calyx</span> <span class='ocrx_word' id='word_1_126' title='bbox 511 3305 553 3381; x_wconf 91' lang='lat' dir='ltr'>in</span> <span class='ocrx_word' id='word_1_127' title='bbox 586 3305 684 3382; x_wconf 91' lang='lat' dir='ltr'>duas</span> <span class='ocrx_word' id='word_1_128' title='bbox 715 3320 843 3408; x_wconf 83' lang='lat' dir='ltr'>partes</span> <span class='ocrx_word' id='word_1_129' title='bbox 874 3321 932 3383; x_wconf 85' lang='lat' dir='ltr'>sat</span> <span class='ocrx_word' id='word_1_130' title='bbox 968 3305 1165 3381; x_wconf 80' lang='lat' dir='ltr'>distinctas</span> <span class='ocrx_word' id='word_1_131' title='bbox 1202 3329 1302 3392; x_wconf 89' lang='lat' dir='ltr'>non</span> 
     </span>
     <span class='ocr_line' id='line_1_24' title="bbox 267 3415 1287 3522; baseline -0.001 -26"><span class='ocrx_word' id='word_1_132' title='bbox 267 3440 357 3496; x_wconf 87' lang='lat' dir='ltr'>raro</span> <span class='ocrx_word' id='word_1_133' title='bbox 392 3415 513 3494; x_wconf 89' lang='lat' dir='ltr'>dividi</span> <span class='ocrx_word' id='word_1_134' title='bbox 545 3433 684 3522; x_wconf 81' lang='lat' dir='ltr'>potest.</span> <span class='ocrx_word' id='word_1_135' title='bbox 733 3417 902 3496; x_wconf 81' lang='lat' dir='ltr'>Inferior</span> <span class='ocrx_word' id='word_1_136' title='bbox 925 3445 1014 3518; x_wconf 87' lang='lat' dir='ltr'>pars</span> <span class='ocrx_word' id='word_1_137' title='bbox 1037 3419 1287 3521; x_wconf 76' lang='lat' dir='ltr'>hyponthium</span> 
     </span>
     <span class='ocr_line' id='line_1_25' title="bbox 269 3528 1285 3636; baseline 0 -29"><span class='ocrx_word' id='word_1_138' title='bbox 269 3528 445 3618; x_wconf 88' lang='lat' dir='ltr'>dicenda,</span> <span class='ocrx_word' id='word_1_139' title='bbox 477 3557 498 3606; x_wconf 88' lang='lat' dir='ltr'>a</span> <span class='ocrx_word' id='word_1_140' title='bbox 531 3533 734 3636; x_wconf 86' lang='lat' dir='ltr'>superiore</span> <span class='ocrx_word' id='word_1_141' title='bbox 760 3556 844 3608; x_wconf 91' lang='lat' dir='ltr'>non</span> <span class='ocrx_word' id='word_1_142' title='bbox 870 3532 1004 3608; x_wconf 90' lang='lat' dir='ltr'>solum</span> <span class='ocrx_word' id='word_1_143' title='bbox 1030 3530 1193 3615; x_wconf 84' lang='lat' dir='ltr'>discreta</span> <span class='ocrx_word' id='word_1_144' title='bbox 1219 3545 1285 3620; x_wconf 73' lang='lat' dir='ltr'>est.</span> 
     </span>
     <span class='ocr_line' id='line_1_26' title="bbox 267 3643 1285 3746; baseline -0.001 -25"><span class='ocrx_word' id='word_1_145' title='bbox 267 3643 337 3721; x_wconf 89' lang='lat' dir='ltr'>sed</span> <span class='ocrx_word' id='word_1_146' title='bbox 378 3669 541 3746; x_wconf 88' lang='lat' dir='ltr'>quoque</span> <span class='ocrx_word' id='word_1_147' title='bbox 579 3647 694 3722; x_wconf 84' lang='lat' dir='ltr'>aliam</span> <span class='ocrx_word' id='word_1_148' title='bbox 724 3645 844 3720; x_wconf 83' lang='lat' dir='ltr'>hahet</span> <span class='ocrx_word' id='word_1_149' title='bbox 874 3643 994 3720; x_wconf 79' lang='lat' dir='ltr'>vitam</span> <span class='ocrx_word' id='word_1_150' title='bbox 1025 3671 1069 3721; x_wconf 93' lang='lat' dir='ltr'>ac</span> <span class='ocrx_word' id='word_1_151' title='bbox 1092 3647 1285 3746; x_wconf 85' lang='lat' dir='ltr'>superior.</span> 
     </span>
     <span class='ocr_line' id='line_1_27' title="bbox 268 3755 1284 3847; baseline 0.001 -12"><span class='ocrx_word' id='word_1_152' title='bbox 268 3759 332 3836; x_wconf 86' lang='lat' dir='ltr'>Sic</span> <span class='ocrx_word' id='word_1_153' title='bbox 370 3759 413 3835; x_wconf 92' lang='lat' dir='ltr'>in</span> <span class='ocrx_word' id='word_1_154' title='bbox 453 3762 557 3836; x_wconf 87' lang='lat' dir='ltr'>Rosa</span> <span class='ocrx_word' id='word_1_155' title='bbox 589 3761 744 3836; x_wconf 77' lang='lat' dir='ltr'>baccata</span> <span class='ocrx_word' id='word_1_156' title='bbox 774 3755 821 3833; x_wconf 80' lang='lat' dir='ltr'>fit</span> <span class='ocrx_word' id='word_1_157' title='bbox 851 3771 890 3833; x_wconf 89' lang='lat' dir='ltr'>et</span> <span class='ocrx_word' id='word_1_158' title='bbox 921 3774 1152 3847; x_wconf 80' lang='lat' dir='ltr'>coarctatur,</span> <span class='ocrx_word' id='word_1_159' title='bbox 1184 3759 1284 3836; x_wconf 79' lang='lat' dir='ltr'>dum</span> 
     </span>
    </p>
   </div>
   <div class='ocr_carea' id='block_1_11' title="bbox 133 3871 1285 3976">
    <p class='ocr_par' dir='ltr' id='par_1_11' title="bbox 133 3871 1285 3976">
     <span class='ocr_line' id='line_1_28' title="bbox 133 3871 1285 3976; baseline -0.001 -26"><span class='ocrx_word' id='word_1_160' title='bbox 133 3891 135 3898; x_wconf 79' lang='grc'>’</span> <span class='ocrx_word' id='word_1_161' title='bbox 266 3874 448 3976; x_wconf 88' lang='lat' dir='ltr'>supe1ior</span> <span class='ocrx_word' id='word_1_162' title='bbox 470 3874 681 3950; x_wconf 67' lang='lat' dir='ltr'>marcescit„</span> <span class='ocrx_word' id='word_1_163' title='bbox 729 3876 823 3948; x_wconf 87' lang='lat' dir='ltr'>Non</span> <span class='ocrx_word' id='word_1_164' title='bbox 853 3871 984 3950; x_wconf 88' lang='lat' dir='ltr'>solum</span> <span class='ocrx_word' id='word_1_165' title='bbox 1015 3875 1057 3950; x_wconf 90' lang='lat' dir='ltr'>in</span> <span class='ocrx_word' id='word_1_166' title='bbox 1089 3872 1285 3975; x_wconf 79' lang='lat' dir='ltr'>perigynis</span> 
     </span>
    </p>
   </div>
   <div class='ocr_carea' id='block_1_12' title="bbox 267 3982 1284 4204">
    <p class='ocr_par' dir='ltr' id='par_1_12' title="bbox 267 3982 1284 4204">
     <span class='ocr_line' id='line_1_29' title="bbox 267 3982 1284 4090; baseline -0.002 -26"><span class='ocrx_word' id='word_1_167' title='bbox 267 3988 453 4087; x_wconf 76' lang='lat' dir='ltr'>discingui</span> <span class='ocrx_word' id='word_1_168' title='bbox 490 4003 634 4090; x_wconf 81' lang='lat' dir='ltr'>potest,</span> <span class='ocrx_word' id='word_1_169' title='bbox 672 3985 743 4064; x_wconf 89' lang='lat' dir='ltr'>sed</span> <span class='ocrx_word' id='word_1_170' title='bbox 781 3982 944 4089; x_wconf 89' lang='lat' dir='ltr'>quoqne</span> <span class='ocrx_word' id='word_1_171' title='bbox 975 3989 1018 4064; x_wconf 93' lang='lat' dir='ltr'>in</span> <span class='ocrx_word' id='word_1_172' title='bbox 1054 3987 1284 4089; x_wconf 62' lang='lat' dir='ltr'>hypogynis,</span> 
     </span>
     <span class='ocr_line' id='line_1_30' title="bbox 267 4101 1282 4204; baseline 0.002 -26"><span class='ocrx_word' id='word_1_173' title='bbox 267 4125 298 4178; x_wconf 84' lang='lat' dir='ltr'>c.</span> <span class='ocrx_word' id='word_1_174' title='bbox 322 4125 358 4200; x_wconf 83' lang='lat' dir='ltr'>g.·</span> <span class='ocrx_word' id='word_1_175' title='bbox 380 4102 532 4179; x_wconf 77' lang='lat' dir='ltr'>Arbuco</span> <span class='ocrx_word' id='word_1_176' title='bbox 558 4101 749 4182; x_wconf 89' lang='lat' dir='ltr'>Unedine.</span> <span class='ocrx_word' id='word_1_177' title='bbox 799 4104 1069 4204; x_wconf 86' lang='lat' dir='ltr'>Hypanthium</span> <span class='ocrx_word' id='word_1_178' title='bbox 1093 4103 1217 4179; x_wconf 91' lang='lat' dir='ltr'>hocce</span> <span class='ocrx_word' id='word_1_179' title='bbox 1240 4102 1282 4189; x_wconf 88' lang='lat' dir='ltr'>in</span> 
     </span>
    </p>
   </div>
   <div class='ocr_carea' id='block_1_13' title="bbox 0 0 1430 4872">
    <p class='ocr_par' dir='ltr' id='par_1_13' title="bbox 0 0 1430 4872">
     <span class='ocr_line' id='line_1_31' title="bbox 0 0 1430 4872; baseline 0 4"><span class='ocrx_word' id='word_1_180' title='bbox 0 0 1430 4872; x_wconf 95' lang='lat' dir='ltr'> </span> 
     </span>
    </p>
   </div>
  </div>
 </body>
</html>
