2836 4878
522 383 809 482 rnucrus‘.
1105 404 1179 480 us

618 913 705 1040 X.

403 1131 938 1244 FRUCTUS.

156 1515 260 1606 180.
321 1517 516 1608 Fructus
558 1529 821 1610 constate
869 1515 1063 1610 semine
1112 1545 1184 1607 se-

216 1652 516 1754 minibusve,
534 1671 650 1776 post
679 1655 864 1747 florem
887 1654 1045 1747 enatis
1067 1686 1185 1749 cum

216 1793 444 1913 ipsorum
478 1797 845 1911 integumentis,

145 1955 152 1970 ’
255 1966 424 2041 Fructus
461 1989 484 2042 e
516 1967 685 2056 semine,
723 1968 802 2045 sive
835 1966 1072 2068 pericarpio,
1106 1966 1203 2057 sive,

158 2101 244 2154 non
285 2091 451 2170 tectum,
489 2079 743 2180 dignoscitur.
800 2081 965 2158 Lz'rtnaci
984 2083 1086 2158 Phil.
1113 2081 1185 2158 bot.

256 2309 424 2383 Fructus
447 2310 630 2411 sz'rrrplr‘ces
654 2322 769 2386 vocat
793 2313 985 2386 Gaertner
1009 2309 1086 2408 (De
1105 2309 1188 2386 sruss

161 2419 288 2497 ctibus
306 2435 344 2498 et
360 2423 578 2500 seminibus
594 2423 828 2526 plantarum.
856 2423 1065 2522 stuttgard.
1083 2429 1188 2501 1788.

161 2536 195 2612 t.
227 2539 273 2614 V.
307 2541 339 2612 1.
369 2564 406 2639 p.
437 2538 589 2636 Lxx.),
621 2539 690 2640 qui
723 2562 769 2614 ex
798 2561 883 2614 uno
914 2537 1016 2614 flore
1042 2550 1080 2614 et
1102 2564 1188 2614 uno

163 2650 298 2726 orario
324 2676 396 2728 seu
419 2655 596 2752 germine
620 2651 832 2756 perficitur.
1315 2671 1320 2686 ⁴

259 2767 426 2842 Fructus
463 2769 659 2869 multiplex
695 2764 874 2864 ejusdem
912 2767 1084 2843 auctoris
1113 2779 1189 2854 est.
1301 2761 1306 2764 ’

163 2878 233 2980 qui
268 2903 289 2954 e
322 2878 484 2956 duobus
517 2895 586 2957 aut
615 2880 797 2983 pluribus
829 2881 1074 2979 germinibus
1112 2882 1190 2956 sin-

163 2991 245 3090 guli
274 2992 386 3070 ssoris
412 2994 613 3071 enascitur.
665 2999 767 3070 Sunt
792 3008 859 3069 aut
883 2994 1050 3082 discreti,
1074 2996 1185 3072 utin

162 3106 490 3197 Ranunculaceis,
523 3123 591 3184 aut
615 3107 826 3184 coadunati
851 3108 913 3183 vel
939 3107 1135 3207 conjugati
1153 3121 1191 3184 et

162 3233 258 3298 tunc
297 3219 458 3298 difficile
503 3247 524 3297 a
565 3223 789 3325 pericarpiis
831 3222 1190 3300 multilocularibus

164 3335 470 3434 distinguuntur.
519 3336 831 3440 Respiciendum
854 3361 948 3414 vero
976 3350 1033 3413 est
1057 3335 1107 3412 ad
1127 3361 1191 3412 so-

162 3449 360 3526 lutionem
400 3450 592 3552 partium,
627 3465 716 3526 turn
750 3449 800 3527 ad
832 3475 1048 3528 numerum
1073 3449 1192 3549 stylo·

162 3561 270 3653 runi,
297 3559 485 3667 qui‘cum
510 3566 689 3666 partibus
711 3564 865 3642 fructus
890 3564 1100 3642 conveniat
1122 3587 1190 3639 ne-

166 3704 272 3756 cesse
305 3693 378 3768 est,
412 3694 480 3756 aut
510 3681 542 3758 si
566 3681 710 3756 unicus
733 3695 906 3769 tantum,
932 3680 1039 3781 apice
1063 3678 1106 3752 in
1131 3689 1193 3753 tot

164 3807 293 3901 partes
313 3793 534 3870 ‘dividatur
574 3792 665 3894 (csr.
705 3792 879 3873 Richard
927 3791 1092 3889 Analyse
1134 3790 1192 3868 du

164 3905 262 3984 fruit
291 3936 329 4011 p.
364 3909 458 4007 tt).
519 3913 687 3986 Fructus
723 3909 894 3996 lobatos,
934 3931 1036 4009 quos
1069 3919 1190 3994 vocat,

164 4023 342 4125 partibus
375 4049 508 4101 versus
541 4048 652 4100 axem
686 4044 945 4099 communem
975 4020 1101 4118 magis
1126 4045 1191 4095 co-

165 4137 436 4228 haerentibus,
467 4163 551 4216 non
582 4138 852 4246 separaverim.
908 4138 1075 4211 Fructus
1105 4161 1191 4242 par-
