2838 4874
482 379 767 457 SYSTEMA.
997 407 999 414 ¹
1041 391 1042 396 ’
1064 380 1134 454 441

114 571 296 685 utroque·
311 579 457 671 modo,
483 595 576 657 sunt
600 591 702 684 quae
727 577 902 658 difficile:
938 573 1136 655 flassub-

114 701 247 800 specz'es
280 697 473 773 dixerim.'
510 697 599 771 Huc
622 693 819 796 pertinent
844 688 1138 770 variaeBrassi-

43 819 49 828 ”
115 831 186 887 cae
217 812 426 888 oleraceae.
445 810 655 886 varietates.
713 807 940 926 Subspeciei
971 807 1138 885 nomine

43 913 125 975 Ψ
114 949 281 1027 quoque
311 925 490 1024 insigniri
519 936 688 1026 possunt
724 936 764 998 et
797 917 978 1080 praestat,
1015 945 1138 1072 quant

64 1067 67 1072 ·
114 1040 251 1116 litteris
276 1040 468 1139 graecis.

50 1251 53 1256 Ι
211 1155 425 1242 Linnaeus,
456 1166 502 1229 ut
534 1147 807 1228 Tournefortii
840 1151 991 1227 errores
1017 1150 1138 1228 corri

115 1279 240 1366 geret,
254 1267 467 1344 >varietates
491 1266 611 1342 nimis
637 1265 837 1341 contraxit.
904 1313 917 1340 '.

214 1382 369 1476 Quodsi
411 1380 623 1459 verisimile
642 1395 647 1430 ’-
665 1379 736 1456 tibi
773 1373 963 1454 videatur*
990 1379 1137 1482 speeies

45 1482 70 1542 '.
114 1497 339 1628 propositas
364 1496 431 1570 ab
436 1513 515 1570 una
543 1506 678 1571 ortum
702 1485 869 1582 traxisse,
889 1494 1036 1596 species
1056 1493 1140 1596 pri-

114 1609 269 1686 mitivas
301 1635 322 1686 a
355 1608 597 1684 secundariis
629 1607 860 1724 distinguas
877 1621 932 1686 at
953 1621 1140 1756 utrasque

114 1724 348 1835 nominibus
374 1722 562 1821 designes.

175 1835 355 1914 *Nullae
385 1849 505 1912 notae
536 1861 557 1913 e
592 1835 811 1912 charactere
844 1837 986 1938 speciei
1013 1835 1140 1912 exolu
1229 1917 1230 1920 ,

116 1949 298 2040 dendae,
323 1949 551 2028 dum1‘nodo
586 1949 806 2027 constantes
838 1953 932 2028 sint·
979 1955 1040 2027 Ne
1053 1973 1139 2052 vpro

114 2059 249 2141 lubitu
282 2063 463 2142 excludas
485 2075 610 2142 'notas
636 2090 657 2141 e
683 2065 833 2155 colore,
859 2059 1000 2167 sapore
1025 2066 1142 2142 envi-

116 2192 179 2255 tae
204 2201 346 2276 genere
372 2176 590 2266 desumtas,
613 2180 672 2254 uti
690 2180 894 2256 Linnaeus
912 2179 1060 2256 statuit
1131 2215 1136 2225 ⁴

117 2333 121 2344 ·
217 2293 425 2369 Character
458 2291 680 2369 essentialis
702 2308 774 2382 est,
800 2294 869 2395 qui
895 2295 1066 2426 speciem
1092 2293 1141 2370 ab

30 2407 33 2416 “
117 2406 326 2494 omnibus,
357 2421 427 2483 aut
429 2399 648 2508 plerisque
672 2397 849 2504 eiusdem
871 2408 1045 2522 generis,
1058 2400 1144 2484 aui

116 2518 298 2628 ejusdem
329 2521 557 2618 subgeneris
588 2545 669 2596 una
700 2522 917 2626 paucisque
947 2515 1063 2598 notis
1075 2523 1144 2598 ··di

117 2635 290 2778 stinguit.
338 2633 762 2752 Addatursignum2'
811 2644 828 2692 1'·
869 2649 931 2692 ·'··‘··
995 2685 999 2692 ·

217 2749 438 2824 character
456 2737 645 2824 factitius
640 2759 735 2838 est
756 2751 858 2862 qui
883 2751 1086 2852 speciem·
1072 2752 1142 2828 ab

63 2898 69 2908 2
119 2862 311 2938 omnibus·
337 2862 434 2937 aliis
432 2857 625 2960 ejusdem
649 2851 804 2963 generis·
829 2877 896 2976 aut
915 2856 1144 2963 subgeneris

121 2976 340 3074 distinguit,
381 2975 494 3052 unde
521 2990 678 3054 notae
691 2986 798 3054 non
806 2969 931 3056 'raro
943 2978 1146 3078 augendae
1227 3015 1242 3032 s
1373 2995 1378 3007 ’

119 3104 221 3167 sunt
279 3093 401 3167 Ortus
434 3104 492 3165 est
523 3113 568 3166 ex
599 3091 770 3194 antiquis
801 3093 1034 3169 nominibus
1060 3117 1146 3194 spe-

24 3214 27 3219 ’
117 3205 259 3292 oificis,
300 3205 417 3280 hinc
421 3201 625 3302 regulae,¹
623 3229 744 3306 quas
788 3206 889 3289 olim
931 3205 1147 3308 proposuit

117 3320 333 3404 Linnaeus,
367 3341 476 3395 nuuc
506 3342 592 3395 non
625 3319 879 3430 servandae..
903 3320 1011 3402 Hinc
1045 3343 1147 3422 quo·
1256 3395 1258 3400 ,

118 3456 199 3551 que
247 3427 422 3506 ablativis
468 3431 769 3534 proponuntur,
818 3434 888 3534 qui
933 3427 1146 3532 rejiciendi,

117 3539 214 3620 curn
261 3565 494 3620 sermonem
530 3546 676 3621 minus
707 3545 880 3624 clarum
885 3545 1068 3624 reddant
1109 3561 1148 3622 et

26 3659 29 3664 ’
111 3660 293 3734 horum
314 3657 406 3734 loco
455 3657 715 3736 nominativi
737 3657 981 3747 adhibendi,
1020 3683 1064 3734 e.
1112 3681 1146 3756 gt

28 3771 30 3776 ’
62 3815 64 3822 1
117 3771 255 3849 'Caulis
297 3781 473 3848 erectus
487 3787 598 3850 teres.
663 3774 775 3852 Folia
805 3772 996 3875 petiolata
1035 3787 1147 3850 orata

118 3885 245 3964 ¹actua
258 3899 327 3962 etc.
934 3917 936 3924 ·

194 4001 447 4077 character
451 4000 629 4079 factitius
654 4015 810 4079 constet
831 4001 991 4078 e-notis
1010 4001 1148 4089 obviis,

119 4031 151 4188 i.'
178 4137 208 4187 e.
241 4113 429 4192 diuturna
462 4115 750 4194 observationev
769 4123 836 4192 aut
861 4107 1012 4192 difficili
1039 4137 1148 4193 comt·
