2858 4886
251 369 324 472 rm
572 355 943 475 srnnern'na.

348 550 597 684 Irichenihus,
621 593 736 692 Argis.
761 593 909 692 Fungis
928 594 1096 680 omnino
1115 591 1277 680 desunt;

254 709 619 811 Cryptophytorum
631 710 797 866 nomine
809 708 881 785 has
893 710 1044 820 plantas
1058 708 1270 806 distinguo.

254 923 324 1066 65.
389 951 520 1080 Vasa
555 983 757 1082 proprus
803 978 1012 1044 succum
1059 950 1280 1041 lacteum

314 1103 401 1184 aut
444 1087 646 1198 flavum,
692 1091 734 1182 si
780 1089 1019 1194 adsuerit,
1068 1087 1283 1202 vehunt·¹

260 1301 265 1310 .
312 1230 357 1320 si
410 1228 640 1334 desuerit,
693 1229 961 1349 limpidum
1006 1230 1281 1348 hyalinnm

317 1370 761 1462 constrictionibns
807 1371 962 1484 magis
1008 1371 1284 1489 minusque

292 1503 666 1629 'frequentibus
716 1509 1076 1626 dignoscenda,
1125 1524 1280 1620 extre-

314 1647 572 1748 mitatibus
614 1651 710 1742 sibi
759 1643 989 1773 apposita
1044 1679 1154 1744 non
1202 1680 1279 1742 ra·

224 1877 232 1892 ,
314 1818 473 1882 mosa.-

283 1983 287 1992 ’
352 1963 502 2040 Succus
527 1963 726 2042 coloratus
749 1962 975 2065 plantarum
999 1963 1196 2040 Botanicis
1214 1987 1280 2039 an-

254 2095 339 2160 sam
358 2097 361 2104 ’
378 2079 561 2179 praebuit
597 2079 647 2156 de
684 2079 783 2154 vasis
819 2079 1043 2180 plantarum
1076 2076 1280 2180 loquendi,

154 2255 160 2264 .
255 2189 322 2266 cfr.
346 2190 467 2269 Andr.
494 2194 654 2296 Spigelii
676 2196 867 2290 isagogen
883 2192 925 2267 in
943 2217 1029 2268 rem
1046 2193 1280 2268 herbariam.

254 2310 380 2383 Patav.
405 2310 517 2386 ’1606
549 2311 582 2382 4
625 2310 743 2408 Oper
777 2309 897 2382 Amst.
930 2309 1035 2382 1646.
1066 2305 1140 2382 fol.
1173 2311 1213 2382 L.
1248 2311 1280 2382 l.

256 2443 286 2494 c.
303 2423 337 2495 3.
369 2421 551 2498 Mariotte
567 2419 731 2498 Essaid.
746 2419 903 2522 Physiq.
920 2425 954 2504 1.
966 2423 1162 2498 ¹Ess‘Par.
1176 2411 1281 2508 1697.

256 2535 441 2635 lssmop
466 2537 523 2610 64.
549 2539 605 2612 72.

352 2648 432 2726 Hill
470 2651 714 2748 (Constmct
753 2646 803 2724 of
832 2648 1046 2750 timberp.
1079 2649 1160 2747 78.)
1191 2675 1281 2727 rasa

254 2764 415 2865 propria
439 2782 524 2840 non
548 2763 652 2844 mate
675 2763 870 2839 indicavit.

268 2971 272 2980 ι
350 2875 570 2955 Bernhardi
604 2877 725 2978 (Ueb.
757 2875 1017 2976 Pssanzengef.
1051 2901 1084 2978 p.
1110 2879 1193 2974 64.)
1218 2903 1281 2956 va-

255 2992 332 3068 r'ias
370 2990 421 3071 de
456 2989 524 3088 his¹
557 2991 851 3070 observationes
891 2991 1070 3079 tradidit,
1118 2991 1205 3067 sed'
1232 2993 1282 3071 ad

256 3113 344 3181 vasa
361 3107 522 3209 propria
537 3108 733 3183 Pino'rum
749 3120 904 3185 tantum
927 3106 1102 3208 respexit.
1139 3111 1287 3208 Spren-‘
1393 3180 1396 3208 Ι

256 3220 318 3326 gel
353 3220 450 3296 olim
484 3220 646 3320 (Anleit.
680 3247 711 3298 z,
736 3226 905 3302 Kenntn.
922 3219 968 3297 ·d.
996 3225 1101 3298 Gew.
1126 3221 1197 3297 Ed.
1225 3223 1283 3320 1.)

256 3333 432 3432 neglexit.
480 3333 681 3437 Equidem
705 3336 864 3414 lacunas
888 3335 989 3411 intra
1014 3335 1133 3412 telam
1163 3335 1282 3410 cellu-

256 3445 385 3524 losam
410 3464 604 3528 excavatas
630 3472 713 3526 esse
738 3452 871 3553 putavi
910 3448 1101 3550 (Grundl.
1125 3477 1162 3552 p.
1186 3449 1281 3546 89.)

258 3563 495 3641 Treviranus
537 3563 587 3640 ad
623 3577 777 3640 meatus
817 3564 1123 3641 intercellnlares
1164 3561 1284 3642 refert

258 3678 326 3775 (V.
350 3678 440 3754 inw
471 3682 622 3779 Baup.
649 3677 729 3776 72.)
755 3693 843 3755 tum
864 3705 961 3755 -vero
989 3679 1283 3757 observationes

258 3792 451 3904 quasdam
491 3791 645 3870 addidit
684 3807 880 3872 accuratas
922 3797 1070 3894 (Beytr.
1111 3819 1148 3894 p.
1191 3792 1284 3891 41..)

256 3906 399 3984 Mirbel
439 3934 532 3998 cnm
569 3908 668 3994 vasis
705 3906 874 3986 fibrosis
904 3907 1087 3985 confudit
1120 3909 1285 4010 (Expos.

259 4049 294 4121 p.
327 4005 410 4097 266.
443 4025 525 4099 367.
530 4022 566 4120 ),
602 4023 739 4098 Kieser
772 4023 828 4098 ad
847 4035 1000 4099 meatus
1024 4023 1284 4099 intercellula·

258 4159 320 4210 res
344 4133 464 4212 refert
488 4135 689 4214 Trevirani
713 4161 882 4242 sequens
899 4137 1143 4227 sententiam,
1155 4153 1284 4240 quam
