2838 4874
310 366 393 442 ³13⁰
550 398 554 410 ¹
688 365 976 440 SYSTEMA.

305 585 461 640 omnes
476 560 559 642 lere
574 561 777 641 fruetuum
802 559 958 640 formae
983 573 1219 649 occurrunt,
1244 561 1342 640 aliae-

318 701 399 780 que
428 676 577 756 multae
608 679 710 756 hano
742 677 915 780 probant
946 677 1094 775 legem.
1151 675 1253 752 Hinc
1277 680 1342 754 ori·

316 806 442 870 untur
470 815 612 890 genera
648 791 883 869 intermedia
918 791 968 868 ad
1009 789 1152 870 nullos
1195 789 1342 868 ordines

301 903 532 982 referenda.
616 953 630 964 J-

406 1019 595 1098 'Formae‘
617 1023 660 1098 in
692 1021 811 1098 simili
842 1020 969 1120 gradu
1002 1020 1247 1098 constitutae
1275 1045 1343 1096 sae·

316 1134 479 1237 pissime
502 1133 661 1233 junctae
682 1151 791 1225 sunt,
822 1136 977 1212 formae
1000 1136 1049 1212 in
1075 1136 1342 1213 remotissimis

316 1249 504 1348 gradihus
536 1253 770 1328 constitutae
800 1275 1040 1353 numquam·
1059 1248 1225 1348 junctae
1247 1275 1342 1351 repe·

314 1365 484 1453 liuntur,
510 1364 665 1443 formae
680 1367 723 1442 in
740 1366 905 1442 remotis
923 1364 1170 1441 constitutae
1186 1365 1240 1440 ita
1255 1365 1295 1438 in
1309 1391 1341 1440 se

312 1479 485 1555 invicem
519 1494 655 1577 agunt,
688 1495 735 1556 ut
765 1505 845 1557 una
879 1479 1043 1556 alteram
1081 1476 1136 1554 ad
1168 1503 1213 1554 se
1237 1479 1340 1556 veluti

315 1593 490 1670 attrahat
541 1594 605 1670 Sic
630 1594 777 1671 corolla
802 1593 1077 1696 papilionacea
1105 1605 1147 1668 et
1167 1591 1339 1690 legumen

314 1732 410 1784 cum
441 1707 541 1786 folio
572 1708 753 1806 saginato
766 1767 769 1774 .
784 1717 1010 1810 numquam
1035 1705 1338 1806 conjunguntur,

314 1835 354 1899 et
384 1823 563 1926 quamvis
593 1822 740 1899 folium
775 1824 942 1922 Lathyri.
962 1823 1167 1900 Nissoliae
1193 1821 1244 1898 ad
1268 1847 1339 1920 gra·

297 1938 493 2015 ,mineum
533 1937 706 2025 accedat,
732 1952 876 2016 tamen
898 1937 1086 2014 minime
1098 1969 1109 1988 *·
1121 1937 1336 2036 vaginatum

314 2066 389 2140 est,
415 2051 486 2128 sed
511 2051 636 2150 magis
662 2050 913 2152 explicatum
945 2053 1000 2130 sic
1026 2049 1184 2130 corolla
1211 2050 1336 2128 labiata

300 2166 355 2241 'in
379 2161 777 2264 Monocotyledoneis
803 2177 828 2242 a'
849 2167 1002 2266 vulgata
1020 2165 1335 2254 [formaretracta

313 2285 399 2369 ests
418 2281 472 2356 sic
502 2279 639 2378 vagina
672 2279 858 2358 radicalis,
883 2281 942 2356 in¹
960 2281 1151 2380 Corydali
1177 2281 1334 2358 bulhosa

311 2394 652 2492 germinat-ionem·
689 2393 1126 2494 monocotyledoneam
1161 2397 1334 2500 spuriam

310 2532 448 2584 secum
471 2508 593 2584 traxit
662 2513 666 2520 '

296 2673 299 2678 -
406 2623 510 2699 Hinc
540 2621 701 2699 ordines
733 2623 930 2700 naturales
954 2625 1128 2708 minime
1154 2627 1198 2702 in
1224 2625 1331 2702 series

311 2735 472 2840 disponi
496 2746 676 2838 possunt
701 2736 888 2835 gradibus
912 2736 995 2816 fere
1013 2740 1331 2844 aequo-distanti-

295 2853 411 2942 ons-,-
425 2852 492 2928 suti
525 2850 665 2930 solent
688 2851 945 2929 distribuere.
987 2858 1036 2932 In
1068 2856 1203 2932 series·
1218 2853 1331 2956 paral-

291 2965 402 3044 «lelas
426 2966 561 3068 potius
587 2964 842 3068 disponendi,
868 2992 961 3044 curn
988 2967 1159 3049 eaedem
1184 2968 1328 3046 formae

291 3086 550 3180 nepotairtur,
578 3094 668 3158 tum
697 3082 802 3158 inter
833 3081 996 3159 ordines
1036 3083 1238 3161 naturales
1259 3105 1328 3178 ⁴ge-

306 3197 402 3268 nera
435 3195 672 3296 agminaque
707 3195 943 3276 intermedia
983 3197 1247 3285 admittenda,
1281 3196 1326 3270 ita

305 3317 352 3380 ut
377 3305 538 3402 ordines
568 3333 664 3386 veru
692 3311 888 3387 naturales
912 3313 1079 3390 reticulo
1106 3313 1221 3416 quasi
1247 3308 1325 3409 jun-

306 3432 456 3518 gantur.
505 3423 637 3498 Hocce
663 3423 874 3502 reticulum
900 3451 921 3504 e
946 3426 1099 3524 legibus
1116 3453 1244 3531 supra
1274 3424 1325 3500 di-

304 3533 377 3610 ctis
399 3532 638 3633 intelligitur.
691 3591 694 3598 ·

378 3649 581 3748 ¹Okenius
612 3645 866 3750 ingeniosum
903 3667 1070 3752 systema
1106 3656 1321 3759 plantarum

298 3763 432 3841 *edidit
464 3765 537 3864 (0.
568 3767 612 3843 Vt
644 3771 782 3844 donno:
815 3771 847 3844 1.
879 3770 920 3844 Β.
947 3774 979 3845 1.
1006 3770 1092 3868 St).
1141 3776 1189 3850 In
1215 3769 1318 3872 qnin-

243 3911 248 3920 ·
293 3893 385 3980 ,tque
410 3879 547 3956 classes
573 3877 903 3984 dividitplantas,
937 3883 1160 3980 secundum
1189 3901 1315 3985 typum

297 3993 460 4082 radicis,
482 3995 636 4084 caulis,
673 3995 868 4084 foliorum
903 4014 944 4076 et
973 3998 1134 4076 fructus
1194 4003 1317 4074 Poste·

303 4106 429 4204 riores
462 4107 566 4188 duae
595 4112 768 4200 minoris
793 4139 880 4192 esse
908 4111 1055 4214 gradus
1081 4113 1315 4198 additasunt
