2748 4866
326 377 400 454 tat
693 377 980 458 sstEMA.

324 573 528 679 paratione
552 587 593 658 et
615 588 803 677 apparatu
827 599 912 652 non
936 573 1184 677 quaerendis,
1203 575 1305 654 termi-

325 690 387 766 nis
411 713 485 768 nec
508 687 596 770 fusa
621 691 802 768 oratione
824 691 1043 780 enuntiatis,
1060 705 1164 768 certo
1179 689 1305 768 eoden-

325 815 406 906 qu'e
446 802 589 882 ordine
628 803 853 908 propositis.
919 803 1059 882 Solent
1093 828 1305 907 praeponere

325 942 428 1021 quae
451 914 612 1015 majoris
635 917 832 994 momenti
855 913 1056 1007 videntur,
1079 917 1150 1006 sed
1177 928 1306 1021 praestat

325 1031 510 1110 ordinem
541 1055 626 1111 non
656 1034 832 1120 turbare,
868 1046 915 1109 ut
944 1055 1030 1108 uno
1060 1031 1203 1110 intuitu
1229 1055 1305 1106 con·

323 1146 513 1250 plectaris.
690 1222 694 1228 .

420 1259 630 1358 Diagnosis
655 1285 676 1338 a
694 1259 883 1360 Scopolio
900 1259 1081 1360 primum
1096 1259 1227 1336 usitata
1242 1279 1305 1334 con

322 1375 422 1453 tinet
436 1388 550 1450 notas
566 1372 954 1473 addistingnendam
971 1375 1145 1475 speciem
1167 1399 1188 1450 a
1210 1370 1305 1469 cogni·

321 1489 371 1566 tis
396 1513 480 1566 non
504 1488 756 1576 necessarias.
781 1488 881 1566 scitu
904 1502 1037 1566 tamen
1065 1488 1199 1588 dignas
1221 1500 1253 1564 et
1275 1480 1304 1558 ad

322 1603 617 1683 distinctionem
650 1626 673 1678 a
702 1601 817 1678 novis
850 1601 1079 1700 detegendis
1105 1627 1215 1704 saepe
1236 1597 1304 1676 mul·

320 1732 410 1794 tum
440 1714 633 1793 iacientes.
689 1715 934 1795 variationes
966 1714 1132 1804 indicet,
1164 1731 1201 1793 et
1217 1727 1303 1812 ⁴notas

320 1855 406 1912 non
429 1831 482 1908 ita
509 1829 643 1907 obvias
666 1829 834 1906 minime
857 1829 1035 1928 negligat
1079 1829 1248 1908 Differta
1264 1827 1303 1902 de·

320 1945 552 2048 scriptione
585 1943 698 2044 quod
729 1957 912 2044 respectu
933 1941 984 2018 ad
1008 1957 1139 2022 totam
1163 1944 1303 2048 speciem

319 2084 409 2140 nec,
419 2058 468 2136 ad
493 2055 747 2140 individuum
772 2056 871 2134 facta
895 2058 953 2136 sit
1001 2061 1099 2136 Non
1122 2068 1303 2162 repetantur

320 2173 560 2252 characteres
584 2171 737 2268 generis
763 2186 802 2248 et
824 2170 1004 2250 factitius.

361 2284 655 2415 Descriptio
694 2283 917 2366 secundnm
964 2285 1220 2366 individuum
1255 2280 1301 2359 fiat

316 2341 467 2484 Midtae
513 2398 622 2476 enim
671 2396 926 2509 confusiones
962 2400 1058 2479 inde
1098 2416 1205 2479 ortae
1237 2407 1299 2476 sunt

317 2512 431 2614 quod
464 2510 635 2591 diversas
667 2513 815 2623 species
852 2514 1086 2592 miscuerint
1120 2517 1163 2592 in
1199 2507 1300 2590 desed-

315 2627 464 2730 ptione.
521 2624 720 2710 Ordinem·
753 2641 905 2704 certum
944 2643 1086 2719 servet,
1130 2626 1299 2706 dimensio

316 2757 386 2824 nes
407 2741 491 2821 rite
522 2739 685 2851 indicet,
719 2742 865 2842 quibus
896 2737 1279 2846 sormasoptimed
1281 2760 1300 2809 ι·

314 2854 539 2943 ciarantum
561 2853 760 2956 superstes
787 2855 983 2943 excludat..
1015 2858 1229 2940 necessaria
1250 2871 1300 2928 ιιι

314 2971 479 3058 omittat,
496 2968 684 3108 terminis
690 2982 832 3058 utatur,
849 2983 1055 3142 qnantum
1050 2960 1151 3060 fieri
1166 2980 1281 3074 potest

310 3221 439 3308 n‘23
487 3150 666 3338 Nomen
717 3223 1000 3339 specificam
995 3220 1090 3311 sit
1134 3209 1299 3336 adjecti·

310 3347 509 3458 ium,
539 3357 708 3490 rarius
736 3359 1110 3506 substantivum

393 3490 604 3625 Nomina
629 3543 810 3644 specifica
854 3572 1059 3635 vocamus,
1101 3569 1203 3649 quae
1236 3538 1302 3618 Lin-

309 3681 435 3734 naeus
467 3655 565 3734 olim
594 3658 772 3737 trivialia.
827 3662 931 3738 Nam
963 3662 1127 3739 nomina
1158 3649 1303 3760 specifica

310 3784 414 3846 ants
432 3770 652 3849 Linnaeum
681 3773 846 3872 phrases
877 3788 1011 3864 erant,
1043 3789 1081 3852 et
1101 3774 1188 3875 ipse
1208 3766 1302 3847 sen'ut

313 3895 351 3958 et
375 3896 486 3958 caute
512 3880 708 3979 ejusmodi
735 3887 900 3962 nomina
916 3890 1043 3978 unica,
1066 3888 1302 3990 quibusnam

310 3996 472 4084 utimur,
496 3999 716 4098 proposuit.
765 4000 867 4076 Hinc
891 4002 1045 4101 regulas
1063 4021 1224 4104 quoqne
1240 3985 1301 4066 nul·

294 4107 377 4204 ,ιιι
383 4099 502 4196 dedit.
520 4128 618 4210 quas
635 4112 831 4212 supplevit
847 4117 1097 4216 Spcengelins
1113 4113 1181 4212 (ad
1197 4107 1286 4198 257..)
