2840 4878
538 379 736 456 saulx:
1080 375 1160 452 12³.

127 600 232 654 nova
272 577 386 679 prole
427 577 614 654 oriuntur
648 585 687 652 et
716 576 771 653 sic
806 601 944 678 porro,
975 574 1152 677 plantam

126 693 288 768 vocabis
313 691 599 768 extendentem.
649 689 829 767 Tandem
851 689 983 792 planta
1007 689 1050 765 in
1069 714 1153 765 me·

128 805 197 882 dio
227 807 435 893 evanescit,
462 806 512 882 ad
536 807 655 882 latera
679 803 777 882 verd
798 803 1058 907 progreditur.
1145 842 1149 852 ·

227 925 332 996 Haec
357 920 462 997 fiunt
484 921 527 996 in
552 919 694 1020 plantis
711 919 967 1022 perennibus,
984 919 1026 994 in
1043 919 1153 1020 plan-

125 1033 177 1110 tis
210 1035 352 1110 annuis
384 1037 478 1110 vei-o
511 1057 596 1109 non
626 1058 717 1108 raro
760 1059 885 1130 novae
925 1033 1154 1112 exoriuntur

126 1169 313 1244 gemmae
346 1147 396 1225 ad
427 1148 539 1224 basin
570 1145 730 1235 radicis,
755 1147 825 1223 sed
850 1148 981 1224 nullae
1003 1147 1154 1224 radices

123 1275 199 1338 eut
229 1260 426 1338 radiculae
456 1284 597 1346 novae,
641 1285 743 1362 quae
774 1285 939 1364 quoque
967 1261 1011 1338 in
1042 1259 1155 1340 fruti·

127 1376 235 1450 cusis
261 1374 310 1450 ad
334 1397 510 1472 gemmas
535 1399 658 1450 novas
681 1376 744 1450 vir
769 1391 920 1452 exeunt.

225 1486 392 1566 Radices
419 1512 573 1564 annuae
597 1513 670 1565 nec
693 1515 779 1566 non
800 1490 1154 1569 radiculaeradicis

119 1602 376 1704 compositae
416 1626 641 1702 numquam
681 1617 857 1702 gemmas
897 1605 939 1678 in
984 1603 1155 1682 decursu

125 1716 357 1818 proferans
385 1715 429 1791 in
457 1719 577 1792 ramis
608 1720 845 1818 perennium
876 1719 1016 1820 utique
1045 1743 1156 1796 rarae

127 1846 234 1910 sunt

230 1946 272 2021 si
302 1968 483 2047 gemmae
515 1946 561 2022 in.
589 1946 760 2026 decursu
789 1945 930 2024 radicis
971 1947 1157 2049 oriuntur

127 2058 265 2160 planta
294 2058 341 2134 fit
371 2059 571 2137 luxurians
605 2060 888 2158 (wuchernd),
926 2061 1038 2163 quod
1072 2085 1155 2138 non

129 2171 266 2248 solum
297 2173 340 2247 in
373 2175 628 2273 perennibus,
654 2176 724 2252 sed
751 2200 915 2277 quoque
939 2177 981 2250 in
1008 2176 1155 2252 arbori-

127 2287 221 2374 bus,
252 2285 540 2388 frutieibusque
564 2287 701 2364 locum
725 2289 852 2366 habet.
975 2349 980 2366 .

229 2405 421 2477 Gemmae
451 2403 494 2477 in
526 2400 696 2484 decursu
722 2404 869 2504 absque
893 2403 1068 2482 medulla
1094 2429 1155 2480 ex-

129 2516 318 2594 oriuntur
351 2513 395 2588 ex
425 2515 513 2615 ipso
543 2515 671 2614 lign03
703 2518 774 2592 ubi
814 2543 907 2594 vero
941 2533 1155 2617 emergunt,

128 2631 262 2706 statim
286 2629 441 2726 lignum
465 2630 507 2703 in
531 2629 667 2705 medio
695 2632 914 2708 extenditur
938 2647 977 2708 et
1000 2627 1156 2708 contex-

129 2760 220 2821 tum
247 2741 482 2818 cellulosum
506 2767 578 2820 seu
600 2743 819 2820 medullam
842 2746 1045 2848 intercipit
1093 2745 1160 2822 Ad

129 2856 244 2932 basin
269 2853 473 2930 interdum
499 2882 520 2932 e
546 2856 722 2934 medulla
746 2857 980 2935 formantur.

230 2968 366 3044 Planta
398 2969 537 3045 inverti
571 2985 701 3071 potest
723 2973 776 3048 ita
800 2987 846 3048 ut
868 2972 979 3048 radix
1002 2973 1156 3050 caulem

130 3086 242 3160 sistat
257 3098 297 3159 et
311 3105 488 3181 gemmas
513 3082 688 3186 proferat
710 3078 966 3186 erplicandas.
1013 3079 1157 3186 Ligno-

130 3225 215 3274 sae*
231 3198 386 3299 plantae
416 3197 513 3302 huic
541 3223 664 3300 scopo
706 3193 943 3302 aptissimae,
982 3200 1156 3302 reliquae

128 3311 318 3388 facillime
352 3310 599 3387 exsiccantur.
657 3311 773 3416 Opus
797 3327 853 3390 est
884 3327 929 3389 ut
954 3313 1073 3390 caulis
1097 3315 1157 3390 in-

128 3441 191 3502 tra
226 3438 373 3500 terram
410 3423 614 3504 demersus
646 3428 839 3505 radiculas
873 3429 949 3505 cito
974 3427 1160 3530 proferas

129 3537 354 3616 Artificium
390 3534 468 3636 jam
511 3540 669 3618 dudum
706 3559 849 3620 notum
882 3541 1095 3644 (Sprengel
1123 3568 1148 3616 v

129 3657 217 3760 Bau
240 3679 277 3754 p.
290 3655 372 3732 383.
399 3651 464 3730 cfr.
480 3657 560 3759 Act
576 3655 727 3733 Erudit.
745 3659 852 3733 1682.
875 3683 912 3759 p.
938 3657 1052 3752 les).
1110 3673 1113 3680 ’

134 3815 206 3905 80.
267 3815 427 3906 Radix
457 3823 549 3908 null
546 3853 576 3908 a
592 3823 721 3936 sulza
750 3849 845 3939 pro
849 3818 957 3910 tert
979 3831 1065 3908 aut
1084 3850 1156 3977 pe-

199 3959 414 4116 rzpbyllz‘a,
457 3963 685 4079 niallasque
711 3966 825 4050 alias
851 3976 1025 4078 parter,
1060 3954 1154 4046 nisi

200 4089 452 4187 rarissime
485 4103 765 4217 ampullas.-
