2836 4878
274 395 351 471 868
632 393 946 488 Quabt‘ras

276 596 435 670 caesum
483 592 655 691 (Young
700 588 848 668 Philos.
891 591 1087 668 Transeat
1127 587 1155 668 ss
1197 591 1305 680 luta,

274 733 312 810 p.
343 707 437 806 Μ)
503 711 657 784 Aestate
695 707 883 784 materiae
923 703 1127 806 depositae
1165 731 1306 784 rursus

274 821 510 910 solvuntur,¹
525 834 571 896 ut
595 818 786 897 alimento
810 819 1032 896 inserviant.

238 937 242 944 “
371 938 488 1014 Fibra
520 935 744 1034 vegetabilis
775 935 877 1010 sicca
908 947 949 1010 et
971 945 1131 1011 mortua
1157 935 1306 1012 humo-

274 1076 361 1128 rem
388 1050 558 1138 attrabit,
585 1064 623 1127 et
645 1049 725 1125 boc
751 1061 911 1125 attracto
937 1047 1098 1126 brevior
1120 1047 1183 1138 fit,
1208 1075 1304 1128 cum

273 1165 375 1253 fibra
407 1163 586 1241 animalis
617 1164 793 1277 humore
826 1177 1002 1240 assumto
1033 1163 1167 1266 potius
1193 1163 1303 1241 elon-

274 1295 397 1380 getur.
450 1283 571 1374 ¹Quae
607 1277 824 1356 contractio
855 1278 919 1354 vix
950 1277 1131 1380 explicari
1162 1279 1305 1382 potest,¹

273 1394 348 1473 nisi
381 1393 487 1470 dicas
517 1393 733 1469 humorem
765 1392 866 1469 intra
899 1390 1044 1470 libram
1078 1419 1163 1470 csse
1197 1419 1304 1471 rece·

273 1523 406 1612 ptum,
438 1529 606 1608 eamque
637 1514 787 1592 cavam,
817 1505 928 1584 unde
958 1505 1144 1586 dilatatur
1174 1522 1214 1585 et
1236 1509 1303 1584 ab·

273 1623 473 1700 breviatur
501 1617 610 1696 fibra.
667 1623 717 1696 lu
740 1619 972 1698 animalium
995 1623 1175 1724 partibus
1200 1645 1303 1726 quae

274 1736 510 1836 elongantur
563 1731 705 1824 librae,
750 1737 1001 1814 transversim
1049 1738 1202 1840 positae
1247 1736 1303 1814 vi-

275 1851 430 1930 dentur.

275 2059 378 2156 194.
436 2000 767 2152 Membranac
817 2073 868 2152 et
903 2061 1063 2153 succi
1113 2063 1302 2183 planta-

334 2231 452 2292 rum
497 2195 848 2290 indifferentes
895 2194 1123 2293 decolores
1174 2217 1301 2306 sunt,

335 2337 725 2458 desoxydatione
775 2350 830 2430 ct⁴
876 2347 1042 2432 aucto
1075 2343 1303 2437 carbone

335 2487 603 2572 colorantur.

368 2647 583 2748 Mucilago,
608 2647 854 2737 saccharum,
881 2651 1067 2748 amylum,
1099 2652 1236 2752 gluten
1262 2666 1301 2730 et

274 2763 346 2842 alia
370 2761 604 2861 hujusmodi
629 2763 819 2865 principia
844 2763 962 2866 plane
986 2765 1173 2844 decolora
1205 2782 1300 2844 sunt

273 2903 345 2956 seu
377 2877 472 2954 alba.
529 2877 594 2955 Sic
627 2901 791 2980 quoque
822 2879 1055 2956 membrana
1088 2882 1144 2958 ab·
1169 2880 1300 2958 omni-

271 2995 355 3070 bus
371 2987 549 3096 partibus
573 2992 848 3091 heterogeneis
871 2992 1041 3070 liberata.
1072 3043 1076 3051 .

367 3113 494 3186 Aucto
522 3130 723 3206 oxygeneo
750 3107 863 3184 color
886 3131 970 3183 non
995 3105 1174 3196 efficitur,
1203 3133 1299 3186 nam

272 3223 410 3300 omnia
435 3219 545 3300 acida
569 3219 670 3326 pura
695 3221 918 3323 plantarum
943 3221 1029 3298 alba
1046 3235 1149 3299 sunt
1196 3225 1300 3300 Aso-

270 3351 359 3414 tum
397 3359 562 3439 quoque
598 3334 635 3412 vi
673 3361 795 3437 quam
831 3335 1002 3413 maxims
1044 3335 1302 3413 decolorante'

271 3449 444 3551 gaudere
491 3449 665 3539 videtur,
715 3473 810 3526 cum
858 3449 1070 3527 alcaloidea
1117 3452 1299 3553 quamvis

270 3591 389 3668 parva
420 3565 514 3642 insit
542 3563 730 3662 oxygenei
763 3564 876 3665 ‚copia
903 3578 941 3640 et
963 3564 1133 3644 maxima
1158 3567 1299 3644 carbo-

271 3682 349 3770 nis,
374 3675 507 3757 tam'en
533 3677 709 3755 colorem
734 3701 820 3755 non
844 3676 1023 3755 babeant
1068 3707 1070 3714 ·

275 3835 278 3844 ·
367 3793 535 3872 Radices
567 3791 743 3892 juniores
777 3790 854 3867 albi
874 3807 995 3881 sunt,
1026 3791 1192 3886 tandem·
1215 3794 1299 3896 cpi'-

271 3908 419 3987 dermis
452 3909 501 3985 ab
533 3909 732 3984 ambiente
756 3906 1297 4008 acreambuaasmydroge-

271 4047 357 4102 nco
375 4024 528 4102 scilicet¹
546 4023 596 4102 ad
620 4023 905 4100 formationem
931 4019 1298 4123 aquae-exhausto)

270 4138 379 4217 lusca
412 4139 466 4220 fit
489 4153 528 4216 st
558 4137 791 4238 nigrescens.
837 4137 900 4214 Ile
924 4136 1196 4242 hoo·oorpora
1220 4137 1299 4214 tin-¹
