2848 4888
268 363 317 449 bt
665 369 886 452 FORMA.

269 571 364 657 slot,
403 589 453 644 an
478 548 664 647 dimotae.
725 566 790 642 Sic
813 564 908 643 folia
934 563 1292 644 verticillata-Lilia·

269 708 430 760 cearum
473 698 566 759 sunt
612 679 708 757 folia
749 678 925 767 admota,
966 682 1059 756 narn
1099 680 1292 781 respicere

269 810 428 899 oportet
459 793 509 871 ad
537 793 634 870 folia
660 793 912 880 Graminum,
937 791 1033 870 folia
1059 817 1152 872 vero
1179 794 1292 870 verti·

270 912 394 990 cillata
426 909 712 986 Veronicarum
742 905 794 982 ad
826 920 966 1007 typum
990 907 1173 996 redeunt,
1198 932 1291 984 curn

268 1027 479 1129 pleraeque
522 1020 641 1120 hujus
685 1020 838 1119 generis
875 1018 969 1098 folia
1007 1023 1188 1122 opposita
1223 1020 1295 1098 ba·

268 1140 397 1216 beant

363 1253 397 1327 E
422 1249 594 1350 partium
620 1246 853 1324 admotione
877 1247 1034 1325 coalitio
1060 1248 1156 1324 oriri
1181 1247 1292 1338 solet,

256 1357 384 1469 ‘quod
414 1363 457 1438 in
490 1362 617 1462 calyce
643 1376 681 1438 et
705 1360 852 1438 corolla
876 1361 1075 1450 videmus,
1099 1363 1170 1439 ubi
1196 1361 1293 1440 folia

270 1481 313 1557 in
326 1477 519 1555 circulum
531 1475 657 1577 posita
671 1490 709 1552 et
720 1500 835 1576 saepe
847 1475 966 1552 simul
980 1489 1145 1552 connata
1163 1491 1263 1553 sunt

369 1590 538 1668 Coalitio
571 1602 609 1664 et
641 1590 832 1690 separatio
864 1613 949 1665 non
978 1590 1112 1666 minus
1136 1589 1294 1666 relative

186 1781 188 1786 ,
273 1705 473 1791 dicuntur,
499 1728 620 1804 quam
646 1703 816 1779 dimotio
841 1717 880 1778 et
902 1701 1091 1780 admotis.
1140 1705 1294 1806 Duplex

274 1835 332 1898 est
360 1819 494 1919 itaque
526 1815 638 1892 locus
669 1819 788 1918 partis
818 1818 1061 1917 separatione
1086 1816 1295 1894 'distinctae

271 1937 314 2011 in
341 1930 482 2008 ordine
508 1929 684 2005 naturali.
735 1932 797 2006 Sic
825 1929 1014 2006 corollam
1032 1930 1298 2032 polypetalam

272 2046 392 2124 simul
434 2069 527 2120 vero
571 2069 731 2144 parvam
769 2058 808 2118 et
843 2069 958 2146 saepe
995 2043 1216 2121 obsoletam
1252 2045 1294 2118 in

273 2157 513 2262 quibusdam
562 2156 859 2257 Chenopodeis,
899 2158 1216 2234 Amaranthaceis
1258 2171 1296 2232 et

274 2270 612 2372 Garyophyllaceis
630 2268 987 2359 animadvertimus,
1005 2269 1195 2348 corollam
1207 2296 1296 2348 mo·

273 2384 498 2488 nepetalam
523 2382 641 2461 simul
665 2407 758 2459 vero
783 2383 896 2460 valde
922 2384 1148 2487 explicatam
1164 2397 1202 2460 et
1219 2386 1295 2462 ele-

274 2512 432 2597 gantem
467 2498 510 2571 in
546 2497 844 2586 Iasminearum‚
880 2499 1189 2587 Rubiacearum,
1224 2501 1322 2575 La-'

274 2614 481 2698 binarum,
516 2609 761 2711 aliarumque
804 2611 1012 2689 ordinibus
1043 2611 1295 2700 naturalibus,

274 2724 436 2802 tandem
467 2720 658 2798 corollam
687 2724 951 2826 polypetalam
976 2723 1155 2801 similiter
1178 2727 1296 2829 expli·

274 2851 400 2914 catam
423 2847 469 2912 et
501 2835 717 2933 elegantem
747 2837 790 2914 in
818 2840 1192 2939 Magnoliacearum,
1216 2844 1296 2917 Au·

273 2953 505 3037 nautiorum,
521 2951 876 3047 Leguminosarum
894 2967 963 3028 ete.
988 2952 1207 3030 ordinibus.
1238 2957 1299 3032 Ex

275 3063 460 3144 affinibus
485 3060 738 3160 dijudicatur,
775 3091 826 3142 an
852 3067 997 3144 corolla
1024 3067 1074 3142 sit
1096 3089 1237 3144 revera.
1257 3081 1300 3144 et

274 3179 473 3281 primario
499 3176 634 3253 modo.
668 3179 905 3282 polypetala‚
951 3204 1002 3256 an
1041 3181 1297 3282 monopetala

181 3302 188 3312 '
276 3292 486 3389 segmentis
511 3291 703 3390 separatis.
846 3366 847 3375 ,

374 3403 500 3482 Simili
553 3402 679 3480 modo
727 3405 993 3508 pericarpium
1040 3407 1295 3495 uniloculare,

276 3531 346 3594 aut
366 3539 499 3593 revera
525 3529 563 3592 ct
586 3516 775 3619 primario
800 3518 929 3596 modo
953 3519 1198 3598 uniloculare
1229 3533 1294 3610 est,

275 3646 344 3707 aut
375 3655 401 3708 e·
427 3629 608 3732 pluribus
634 3630 821 3706 coalitum
844 3633 1077 3734 pericarpiis.
1127 3633 1295 3736 Capsula

275 3743 509 3821 trilocularis
543 3757 610 3819 aut
634 3769 655 3818 e
687 3742 843 3846 capsula
867 3748 1033 3824 tricocca
1059 3749 1197 3836 oritur,
1228 3761 1299 3826 aut

251 3883 309 3934 e·
323 3857 478 3960 ‘capsula
503 3856 751 3935 uniloculari.
1147 3886 1149 3895 ⁴

370 3972 620 4050 Characteres
658 3997 680 4047 e
717 3971 945 4053 dimotione
977 3989 1021 4052 et
1052 3975 1297 4064 admotione,

274 4108 297 4162 e
328 4085 573 4189 separatione
606 4097 647 4162 et
675 4085 886 4188 coalitipne
918 4089 1089 4170 desurnti
1120 4091 1293 4193 plerum-
