2836 4878
272 375 348 457 m
602 363 963 453 vestrano.

275 583 315 652 tt
334 581 338 589 '
359 589 443 649 non
482 589 670 671 semper,
698 589 772 645 nec
814 563 1095 645 tantummodo
1135 567 1296 646 aeidum

275 682 548 773 carbonirurn,
577 683 636 760 uti
668 703 809 758 omnes
841 679 924 758 lere
946 681 1138 783 putabant
1162 695 1297 760 aucto·

274 821 354 886 rest
385 797 481 875 solis
510 796 630 873 radiis
653 795 864 873 illustratae
890 793 1047 872 acidum
1078 795 1296 899 decompo-

275 923 378 991 nunt
402 925 441 988 et
465 933 711 1008 oxygeneum
735 907 919 987 reddunt

291 1037 293 1047 '
372 1025 422 1102 lli
454 1047 549 1100 vem
582 1021 744 1101 effectus
773 1025 835 1100 vix
864 1023 1000 1099 locum
1029 1022 1175 1100 habere
1203 1047 1296 1125 pos-

274 1149 372 1228 sent,
395 1137 471 1216 nisi
498 1160 638 1215 succus
661 1137 705 1213 in
731 1150 914 1214 contactu
931 1137 1029 1214 airis
1044 1161 1117 1241 per
1132 1134 1296 1240 aliquod

275 1266 434 1356 tempus
464 1265 699 1353 permaneat
760 1251 862 1329 Huic
885 1249 1083 1328 functioni
1107 1249 1295 1328 destinata
1394 1305 1395 1330 ,

276 1365 461 1445 ridentur
483 1388 571 1442 vasa
595 1364 760 1470 spiralia.
808 1369 918 1442 Num
942 1380 1082 1442 succus
1105 1365 1149 1440 in
1177 1363 1296 1440 tubu-

276 1479 324 1557 lis
349 1479 558 1583 spiralibus
582 1478 809 1568 adscendet,
834 1504 884 1554 an
907 1479 950 1556 in
981 1479 1128 1580 pariete
1154 1477 1297 1554 duuus
1346 1513 1352 1551 ·.

276 1592 451 1682 interno,
486 1591 623 1670 medio
661 1617 756 1670 cavo
793 1605 1037 1679 remanente,
1075 1591 1139 1670 alii
1179 1590 1296 1694 dispi-

279 1705 397 1795 ciant,
432 1729 518 1784 uno
560 1705 688 1784 aliove
730 1705 858 1784 modo
895 1729 1058 1783 succum
1075 1728 1296 1809 permeare

278 1819 543 1897 necessarium
573 1834 683 1922 puto.
738 1821 844 1896 Hinc
866 1833 988 1920 patet,
1014 1843 1085 1895 cur
1107 1825 1197 1895 vasa
1222 1818 1297 1921 epi·

278 1925 373 2010 ralia
421 1957 561 2010 suecos
610 1933 807 2012 coloratos
854 1931 1037 2010 facillime
1077 1933 1297 2034 suscipiant.

280 2047 414 2124 Cessat
436 2046 651 2147 respiratio,
677 2073 770 2124 curn
794 2070 883 2124 vasa
907 2045 1062 2148 spiralia
1078 2059 1298 2134 mutantur;

277 2159 322 2236 ln
351 2157 575 2258 junioribus
611 2161 736 2259 igitur
766 2160 1048 2237 tantummodo
1087 2158 1299 2264 perficitur,
1394 2245 1395 2248 p

278 2274 508 2377 praesertim
531 2273 573 2349 in
599 2273 806 2361 coniferis,
830 2274 872 2348 in
888 2273 1024 2349 multis
1038 2272 1152 2350 nullo
1173 2272 1298 2351 modo
1394 2353 1395 2358 Ν

280 2386 610 2464 animadvertitur.
664 2391 758 2464 Non
781 2387 948 2474 mirum,
980 2412 1072 2463 cum
1097 2401 1157 2464 tot
1180 2388 1299 2464 varia-

279 2499 409 2576 tiones
446 2499 489 2576 in
522 2501 779 2602 respiratione
812 2498 1042 2577 animalium
1076 2500 1300 2577 observatae

279 2609 437 2690 fuerint
1286 2697 1290 2704 ,
1394 2617 1395 2648 ³

377 2728 478 2802 Vasa
501 2726 655 2830 spiralia
680 2725 812 2804 adulta
837 2729 926 2803 aire
949 2726 1096 2828 repleta
1120 2741 1223 2815 sunt,
1241 2725 1298 2804 uti

281 2833 444 2914 lacunae
477 2851 516 2916 et
544 2837 699 2916 listulae
723 2839 854 2916 caulis.
901 2841 1003 2918 Hine
1029 2865 1152 2916 sonus
1175 2842 1216 2916 in
1243 2866 1300 2917 ar·

281 2950 449 3048 boribus
481 2952 600 3028 caesis
632 2943 858 3030 observatus
883 2978 904 3029 a
931 2953 1132 3030 Goulomb
1158 2959 1291 3052 (Mem

282 3059 500 3143 ‹le-l'lnetit
527 3069 571 3142 Τ.
601 3068 635 3141 2.
660 3093 697 3169 p.
720 3068 828 3165 246.)
854 3079 892 3143 et
914 3066 1058 3144 Pollini
1084 3067 1300 3165 (Elementi

283 3173 324 3250 di
356 3179 553 3255 Botanica.
586 3181 631 3256 V.
656 3186 750 3284 l.,p.
777 3181 882 3276 lat)
914 3205 935 3256 a
967 3205 1085 3258 succo
1117 3195 1163 3257 ut
1195 3181 1306 3256 vide·

281 3299 348 3364 tur
372 3309 394 3365 e
420 3289 698 3369 vasisvfibrosis
721 3294 764 3368 in
789 3293 944 3398 spiralia
968 3293 1111 3372 effoeta
1141 3309 1179 3372 et
1212 3320 1301 3371 cava

281 3403 519 3507 penetrante.
1005 3439 1008 3444 ·

280 3647 385 3742 ¹904.
450 3651 585 3742 Calor
621 3679 651 3744 a
687 3653 1020 3772 respiratione
1055 3669 1194 3747 ortus
1226 3655 1303 3746 vix
1394 3635 1395 3664 ³

310 3789 571 3920 sentitur,
617 3821 651 3886 a¹
683 3791 1038 3908 (combustione
1087 3789 1185 3886 olei
1227 3825 1301 3886 ae-

281 3985 284 3992 ·
344 3926 511 4022 therei
545 3930 798 4026 interdum
848 3946 924 4026 sat
962 3932 1106 4026 fortis
1148 3935 1301 4043 anim-
1359 3919 1368 3931 Κ

345 4066 630 4162 advertitur.
