2842 4896
289 357 387 434 tto·
609 351 987 428 vEGETs'rlo.

656 871 864 994 ,ῥΧΠρ
1003 941 1008 950 ,

343 1067 1143 1219 ἸῃΎΕΟΕΤΑΤΙΟ.

195 1545 199 1554 .
294 1474 397 1592 199.
453 1473 692 1574 Himeros,
731 1471 819 1590 qui
848 1472 1074 1592 plantem
1109 1469 1332 1569 nutriunt,

223 1715 232 1735 ‚
303 1613 306 1621 ’
355 1610 478 1704 'dum
526 1611 850 1711 hauriuntur,
894 1615 1177 1699 mutationem
1223 1615 1330 1699 sub-

318 1741 469 1880 ιψὶί
487 1764 538 1876 et
567 1759 690 1842 succi
715 1749 855 1840 fiunt

381 1925 622 2022 Numquam
646 1919 839 1996 humores
864 1918 1028 2026 colorati
1052 1943 1124 2018 per
1142 1915 1329 1994 radicem

292 2034 457 2134 integro-
475 2049 628 2110 tectam.
656 2035 802 2110 aoniae
824 2045 1044 2120 transeunt,
1069 2031 1141 2109 sed
1162 2045 1330 2108 tantum
1391 2047 1392 2132 j

292 2174 366 2250 par
387 2161 577 2224 resectam
601 2161 641 2222 et
664 2148 841 2249 apicibus
866 2161 1094 2247 corruptam
1126 2145 1327 2244 (Gmndl.

294 2261 331 2336 d.
368 2266 479 2339 Anat.
512 2259 550 2336 d.
585 2259 657 2336 Pss.
691 2289 730 2362 p.
767 2261 860 2357 72).
921 2265 1006 2337 Nec
1035 2285 1139 2336 nova
1169 2262 1327 2360 experi-

293 2389 426 2452 menta
454 2375 732 2462 innotuerunt,
772 2397 845 2474 per
883 2399 986 2476 quae
1024 2375 1243 2476 probatum
1272 2377 1327 2450 sit

293 2488 471 2588 liquores
502 2487 699 2564 coloratos
730 2485 842 2562 haud
871 2502 1046 2566 mutatos
1074 2491 1118 2564 in
1142 2489 1324 2566 radicem

294 2600 449 2676 intrare.
1240 2599 1247 2614 '

389 2712 549 2792 Plantae
580 2713 624 2791 in
655 2713 744 2791 solo
783 2729 998 2792 stercorato
1038 2715 1226 2793 educatae
1259 2744 1321 2793 ra-

295 2827 402 2905 dices
425 2829 588 2918 habent,
612 2830 655 2905 in
680 2829 827 2931 quibus
852 2854 924 2906 nec
950 2828 1071 2917 odor,
1102 2856 1175 2907 nec
1200 2859 1321 2933 sapor

295 2943 476 3020 stercoris
504 2945 680 3023 sentitur.
734 2942 901 3020 Radices
924 2945 1162 3045 liquoribus
1194 2946 1320 3022 dulci-

294 3057 371 3132 bus
407 3070 476 3134 aut
520 3055 732 3134 odoriferis
769 3058 994 3158 impositae,
1038 3059 1139 3135 dum
1176 3061 1319 3158 vigent,

295 3169 407 3244 nullo
432 3169 560 3246 modo
584 3172 839 3270 peregrinum
862 3197 1047 3273 saporem
1063 3189 1131 3250 aut
1147 3173 1318 3250 odorem

297 3297 513 3356 assumunt.

391 3394 643 3472 Ventriculus
674 3397 898 3498 plantarum
935 3401 1056 3498 igitur
1084 3416 1189 3479 terra
1213 3416 1270 3478 est
1295 3428 1318 3479 e

297 3533 376 3609 qua
411 3507 562 3585 radices
599 3535 738 3587 succos
774 3513 961 3590 nutritios
1002 3513 1148 3592 eodem
1187 3515 1316 3592 modo

294 3621 500 3710 hauriunt,
526 3649 608 3725 quo
634 3651 722 3702 vasa
747 3626 932 3724 chylifera
957 3629 1198 3705 animalium.

392 3739 542 3814 Succos
575 3740 645 3841 qui
682 3765 804 3817 verno
841 3756 1023 3844 tempore
1051 3744 1095 3818 in
1127 3745 1314 3821 arborum

295 3849 404 3948 ligno
446 3851 637 3942 ascendit,
677 3855 845 3954 minime
884 3881 1035 3958 aqueus
1074 3871 1148 3944 est,
1196 3857 1314 3934 nullis

295 3964 468 4044 materiis
509 3964 644 4044 alienis
684 3969 889 4058 imbutus,·
926 3971 997 4048 sed
1037 3971 1315 4070 mucilaginem

296 4077 435 4158 saltem
474 4083 798 4186 saccharumque'
825 4086 1010 4164 continet
1077 4088 1181 4164 Cum
1223 4111 1312 4164 vero
