2838 4874
110 489 114 499 Ι
252 429 255 432 -
291 379 365 454 tto
618 375 988 453 VEGETATIO.

390 577 483 652 Non
509 573 642 652 solum
667 574 809 662 lucem,
835 574 904 651 sed
930 588 1056 652 totam
1077 571 1336 672 atmosphae-

292 703 360 766 'rae
410 688 703 774 conditionem,
752 715 942 766 somnum
998 703 1080 764 tam
1129 686 1337 763 foliorum

274 827 419 904 quam
448 801 599 880 florum
632 801 790 880 ‚officere
824 805 982 881 nullum
1009 801 1180 878 dubium
1207 815 1268 876 est
1296 813 1339 873 et

275 919 492 1002 ,Lionaeus
516 914 596 1014 jam
624 917 906 1001 animadvertit
965 917 1217 995 Clauduntur
1242 937 1337 988 non

287 1032 430 1110 ¹solum
467 1030 590 1108 flores
624 1047 717 1134 post
751 1032 964 1108 meridiem
993 1032 1088 1110 sole
1119 1043 1177 1106 sat
1203 1029 1338 1112 claro,

295 1145 368 1224 sed
400 1171 565 1248 quoque
597 1145 693 1224 folia
717 1147 760 1221 in
786 1147 967 1222 caldariis
990 1146 1136 1223 nostris
1162 1142 1337 1243 compli-

299 1273 458 1347 cantur,
496 1285 590 1338 cum
624 1261 718 1336 solis
749 1261 881 1337 adhuc
914 1260 1035 1338 radiis
1073 1259 1337 1336 illustrantur.

297 1378 367 1458 Est
389 1374 523 1476 itaque
548 1375 739 1476 periodus
764 1374 888 1451 vitalis
911 1374 1134 1452 secundum
1152 1387 1337 1450 externas

299 1489 597 1590 atmosphaerae
630 1489 880 1566 conditiones
906 1489 1134 1578 constituta,
1159 1488 1337 1563 minime
1395 1571 1396 1580 ἒ

299 1628 396 1683 vero
426 1604 476 1682 ab
507 1602 610 1704 ipsis¹
633 1602 837 1704 producta.
895 1603 1017 1699 Quod
1044 1602 1242 1680 Candollii
1271 1625 1337 1676 ex·
1395 1623 1396 1660 t

278 1718 519 1821 polimenta
546 1716 698 1818 optime
724 1717 880 1794 docent

399 1830 639 1908 Mutationes
680 1857 779 1932 quas
821 1832 1007 1920 diximus,
1056 1830 1253 1906 foliorum
1300 1842 1340 1902 et

280 1944 455 2038 ‚florum
486 1943 529 2018 in
560 1944 609 2021 iis
638 1958 794 2021 tantum
818 1947 961 2047 plantis
986 1946 1197 2048 praecipue
1221 1958 1339 2018 nota·

284 2073 364 2145 ‚tae
390 2058 559 2144 suntin
585 2059 732 2158 quihus
757 2059 872 2137 facile
899 2062 1158 2138 observantur
1184 2074 1221 2135 et
1239 2083 1338 2133 con-

303 2173 535 2275 spiciuntur.
574 2173 653 2249 Sed
678 2175 722 2251 in
749 2177 938 2252 omnibus
962 2174 1044 2252 sere
1068 2174 1212 2276 plantis
1238 2173 1339 2248 acci-

305 2285 421 2373 dunt,
453 2284 548 2362 folia
584 2287 691 2364 enirn
724 2303 762 2364 et
786 2287 921 2379 flores,
947 2289 1021 2364 nisi
1047 2287 1247 2388 rigidioris
1274 2286 1337 2362 su-

305 2403 406 2478 erint
439 2402 660 2500 compagisr
689 2402 887 2481 rarissime
918 2418 1043 2480 noctu
1076 2401 1253 2480 eundem
1287 2402 1335 2477 si·
1396 2483 1397 2492 Ν

304 2528 394 2618 tum¹
424 2512 588 2602 habent,
615 2539 737 2614 quam
764 2514 846 2592 diu.
893 2517 1160 2596 Notissimum
1185 2531 1334 2613 segetes
1396 2595 1397 2608 2

305 2624 530 2722 Cerealium
558 2642 693 2704 ⁴noctu
733 2628 853 2729 longe
893 2630 1068 2707 alienum
1104 2631 1335 2734 adspectum
1396 2687 1397 2692 ,

305 2741 509 2844 praebere,
544 2767 666 2844 quam
700 2741 788 2833 diu,
821 2746 875 2822 ob
908 2743 1002 2820 solia
1035 2745 1172 2820 minus
1210 2759 1335 2822 erecta

305 2855 477 2956 spinasve
502 2857 627 2954 magis
652 2870 845 2936 nutantes.
896 2864 1073 2939 Somnus
1095 2860 1238 2961 plantis
1253 2874 1333 2935 tam

306 2967 493 3046 naturalis
517 2970 690 3062 videtur,
717 3000 839 3076 quam
866 2973 1111 3050 animalibus.

308 3125 427 3213 215:
472 3127 761 3256 lrrz'tobrlz'tas
800 3131 1057 3246 plantarum
1110 3125 1333 3217 consistit

297 3337 299 3342 ,
368 3261 423 3349 in
454 3277 814 3392 motu‚„quem
848 3279 1137 3358 monstrant
1166 3280 1331 3404 partes

370 3401 571 3510 stimulo
605 3401 844 3506 adsertae..

405 3537 586 3616 Luminis
623 3539 913 3619 irritamentum
955 3543 1130 3644 plantam
1166 3544 1333 3630 manime

311 3648 450 3738 allicit,
483 3665 521 3726 et
545 3668 681 3730 motus
705 3655 800 3731 inde
827 3656 1014 3734 oriuntur
1036 3657 1132 3734 lenti
1159 3659 1331 3760 quidem,

288 3764 379 3858 ¹sed
413 3778 536 3842 totam
570 3767 796 3849 adficientes
820 3770 1005 3872 plantam.
1056 3773 1333 3852 Contractione

309 3876 395 3956 fieri
430 3879 585 3958 videtur
616 3880 698 3980 ejus
731 3885 877 3975 lateris,
908 3887 952 3966 in
971 3888 1097 3990 quod
1128 3887 1333 3966 radiorum

308 3993 408 4072 lucis
446 3994 610 4073 directio
649 4023 836 4080 conversa
875 4016 971 4078 est..
1002 4002 1118 4080 Nulla
1160 4001 1242 4080 sere
1274 4015 1336 4078 :est

307 4103 439 4208 planta
466 4135 569 4214 quae
593 4111 688 4194 huic
708 4119 859 4212 actioni
884 4116 1000 4222 plane
1024 4120 1186 4196 resistat
