2848 4888
272 361 305 434 o
564 357 1007 446 aurnouucaro.

369 555 557 660 Exempla
600 568 639 633 et
672 555 809 632 icones
847 581 1015 658 corpora
1051 552 1203 653 singula
1243 554 1297 632 si-

276 681 394 758 stunt,
417 670 483 746 illa
506 669 743 756 immediate,
767 669 842 746 hae
869 668 1050 746 mediate.
1086 669 1299 772 Exemplar

276 783 374 859 sistit
398 775 552 886 corpus,
578 796 771 886 quantum
795 783 984 860 omnibus
1009 783 1187 860 sensibus
1207 807 1297 884 per-

276 894 352 996 cipi
396 911 541 1000 potest,
594 897 702 984 icon,
758 912 951 1000 quantum
998 896 1086 972 visu
1130 910 1295 974 tantum.

275 1010 519 1112 Exemplaria
548 1009 592 1084 in
623 1009 771 1087 museis
803 1022 1061 1100 asservantur,
1092 1009 1227 1086 icones
1251 1010 1296 1086 in

276 1117 480 1208 librisxaut
503 1121 621 1198 simili
646 1121 784 1199 modo.
958 1133 963 1146 ’

369 1238 545 1315 Nomine
570 1237 716 1339 species
742 1248 792 1312 et'
805 1259 945 1334 genera
971 1235 1204 1325 indicantur,
1221 1261 1296 1315 nec

274 1347 491 1428 individua.
542 1349 664 1446 Quod
689 1349 854 1451 quidem
878 1351 1143 1450 elinguarum
1157 1349 1296 1430 indole

275 1467 541 1562 cognoscitur,
574 1465 787 1566 inquibus
811 1466 976 1542 nomina
1005 1465 1165 1566 propria
1194 1489 1296 1542 sem·

276 1601 348 1680 per
373 1605 394 1656 e
417 1579 651 1657 'nominibus
676 1577 913 1679 appellativis
938 1578 1131 1656 oriuntur.

375 1693 599 1798 symbolica
637 1717 852 1792 corporum
890 1691 1150 1768 consideratio
1188 1717 1296 1772 nuuc

275 1805 458 1885 inusitata
484 1819 549 1884 est
598 1813 763 1884 Possent
786 1819 918 1881 tamen
944 1827 1111 1907 corpora
1140 1822 1296 1886 natura·

276 1917 328 1995 lia
366 1921 622 2010 considerari,
657 1933 705 1996 ut
740 1919 1017 2020 composita-c
1052 1921 1166 1998 variis
1202 1948 1295 2024 pro·

275 2032 518 2132 prietatibus,
557 2047 720 2136 possent
756 2034 852 2108 varii
888 2035 1173 2135 proprietatum
1193 2057 1295 2131 gra·

276 2144 352 2222 du's
375 2145 510 2223 litteris
536 2161 604 2224 aut
635 2147 720 2224 aliis
752 2145 871 2244 signis
910 2145 1119 2244 designari,
1153 2161 1194 2224 et
1220 2147 1294 2225 ho·

273 2281 368 2362 rum
408 2262 616 2358 signorum
642 2258 769 2335 'vana
816 2258 1120 2335 combinatione»
1150 2281 1304 2364 corpus·

276 2371 451 2450 naturale
476 2371 658 2450 exhiberi.

276 2571 317 2662 8.
378 2571 511 2666 Nota
532 2586 627 2674 aut
655 2581 779 2664 icone
808 2572 1068 2678 indicatur,
1099 2587 1185 2666 aut
1208 2595 1302 2668 ter··

336 2719 480 2817 mino,¹
509 2727 594 2804 aut
629 2717 925 2834 descriptione.
986 2713 1027 2804 E
1068 2716 1201 2806 notis
1237 2713 1294 2806 fit

334 2851 488 2942 totius
538 2836 767 2972 corporis
809 2868 893 2944 aut
927 2857 1175 2975 descrzptio
1208 2867 1293 2947 aut

334 2981 573 3112 (linguonis,
605 3006 689 3082 aut
720 2997 964 3084 character.

293 3191 296 3196 ¹
327 3149 345 3208 ἶ
371 3164 583 3238 Terminus
609 3161 842 3242 definitione
867 3164 1089 3265 explicatur,
1112 3165 1230 3242 icone
1255 3181 1293 3246 ct

276 3275 457 3377 exemplo
496 3276 720 3354 illustratur.
785 3279 889 3355 Cum
925 3280 1118 3356 terminus
1154 3293 1291 3357 notam

274 3386 437 3479 indicet,
478 3411 563 3467 non
603 3392 724 3467 unico
760 3405 915 3470 tantum
951 3391 1179 3482 individuo,
1220 3393 1290 3471 sed

274 3503 456 3605 pluribus
481 3529 750 3595 communem,
773 3520 854 3585 tam
878 3507 994 3584 icone
1019 3530 1139 3609 quam
1164 3531 1302 3585 erem·

274 3616 345 3719 plo
371 3633 547 3697 accurate
572 3619 744 3697 exhiberi
769 3620 916 3722 nequit.

372 3732 584 3848 Terminus
625 3735 849 3838 conpositos
895 3759 1097 3826 vocamus,
1139 3734 1208 3840 qtai
1248 3734 1291 3810 in

276 3841 389 3956 alios¹
410 3846 552 3952 resolvi
577 3858 756 3954 ¹possunt
790 3847 980 3958 terminos
1009 3849 1200 3952 seinplae'ces.
1250 3849 1290 3925 Si

260 3959 385 4061 copia
435 3962 621 4038 notarum
666 3960 740 4038 sdb
783 3963 955 4040 termino
998 3955 1291 4063 complexorum

274 4085 379 4150 tanta
417 4088 489 4164 est,
525 4088 572 4152 ut
603 4075 794 4154 recenseri
831 4089 1055 4180 nequeant,
1075 4075 1290 4154 cenninum
