2840 4878
534 386 762 466 CAULIS.
882 403 885 418 '
1021 391 1159 474 ‚let

131 583 236 664 dicis
270 588 400 690 aliqua
430 585 563 688 portio
596 601 722 664 terrae
747 582 968 685 superficiei
993 585 1161 664 vicinior

114 717 291 797 “norum
317 701 470 778 caatlem
495 726 664 790 sursum,
689 724 811 776 novas
827 697 946 775 fibras
963 697 1043 774 sive
1059 699 1161 775 radi-

131 815 245 892 culas
271 814 462 892 deorsum
487 814 660 892 effundit
683 812 906 913 (longius).

235 945 438 1024 Unicaulis
464 959 537 1033 est,
571 969 672 1048 quae
700 969 745 1020 ex
769 968 853 1019 uno
879 937 1008 1018 fundo
1032 966 1163 1020 unum

132 1059 295 1136 caulem
337 1060 416 1135 sive
456 1059 660 1160 caudicem
701 1055 870 1161 profert,
915 1054 1163 1147 multicaulis,

133 1199 243 1274 quae
275 1199 321 1250 ex
353 1171 496 1249 eodem
528 1169 656 1248 fundo
687 1171 821 1274 plures
855 1168 984 1245 caule's
1021 1168 1163 1249 fundit

135 1287 378 1389 Simpliciter
408 1285 646 1362 multicaulis
679 1301 749 1374 est,
792 1309 893 1386 quae
923 1284 1055 1384 plures
1079 1311 1163 1362 uno

134 1398 319 1497 ejusdem
343 1400 494 1476 indolis
510 1397 587 1476 sert
604 1400 742 1476 caules.
789 1397 1016 1476 Bisormiter
1030 1398 1165 1476 multi·

133 1513 278 1602 caulis,
311 1539 412 1617 quae
452 1513 626 1592 diversae
657 1510 807 1591 indolis
847 1512 976 1590 caules
1013 1513 1166 1616 profert

134 1628 359 1728 (longius).
1052 1623 1056 1630 ’

239 1758 379 1835 Caules
433 1756 609 1834 laterales
664 1759 707 1834 in
756 1757 886 1859 planta
937 1757 1166 1860 simpliciter

134 1871 359 1948 multicauli
384 1874 564 1948 cauliculi
584 1872 715 1947 vocari
738 1884 915 1974 possunt

236 2001 466 2078 Biformiter
497 1999 736 2077 multicaulis
770 2001 901 2102 planta
939 2013 1041 2076 extra
1076 2027 1165 2080 cau-

134 2112 220 2189 lem
261 2116 512 2215 primarium,
559 2113 655 2189 alios
704 2113 880 2191 laterales
923 2114 1079 2203 emittit,
1118 2131 1167 2196 et

132 2226 305 2328 quidem
338 2224 507 2326 duplicis
539 2228 708 2325 generis,
740 2241 808 2304 aut
838 2227 912 2304 sub
942 2239 1042 2304 terra
1072 2257 1166 2330 pro-

131 2354 338 2442 serpentes
373 2341 509 2428 ¹donec
552 2356 769 2440 emergant,
823 2339 918 2416 solia
964 2341 1165 2445 floresque

130 2452 356 2558 proferant,
387 2480 490 2556 quos
513 2459 677 2532 stolones
704 2454 932 2541 dixerimus,
962 2471 1029 2533 aut
1046 2483 1164 2560 supra

132 2581 284 2644 terram
310 2583 507 2670 serpentes
533 2583 571 2645 et
594 2593 679 2658 non
703 2594 793 2646 raro
817 2567 1044 2660 radicantes,
1062 2597 1165 2674 quos

125 2684 290 2792 flagella
314 2706 453 2756 vocare
478 2683 576 2760 licet

239 2810 422 2886 Stolones
455 2811 657 2889 interdum
687 2811 801 2889 valde
831 2813 1096 2890 incrassantur
1128 2830 1166 2891 et

136 2926 401 3011 tuberascunt,
420 2925 738 3026 cauleprimario
756 2925 983 3004 abbreviato
1003 2940 1042 3001 et
1056 2927 1165 3004 brevi

138 3052 405 3138 permanente.
463 3042 593 3116 Hosce
624 3041 799 3116 stolones
830 3039 980 3115 radices
1004 3041 1165 3116 tubero·

139 3176 201 3226 sas
233 3165 379 3227 vocant
410 3165 477 3231 aut
506 3151 740 3241 rhizomata,
772 3154 815 3229 in
839 3152 977 3230 Irideis
1002 3153 1165 3256 aliisque

137 3264 537 3363 Monocotyledoneis
561 3265 798 3370 frequentes.

138 3535 211 3626 89.
278 3532 441 3627 Caulis
490 3538 744 3628 rarissime
797 3536 1034 3627 indivisus
1083 3553 1166 3638 est,

191 3676 488 3793 saepissime
508 3691 703 3798 'partes‘
732 3677 826 3767 sibi
865 3677 1049 3768 similes
1082 3692 1167 3766 aut

204 3848 356 3904 ramos
422 3816 668 3935 profert,
712 3831 762 3908 et
829 3813 1034 3936 quidem
1108 3842 1166 3904 ex

149 4039 153 4044 .
206 3953 346 4071 apice
384 3960 502 4074 (per
548 3955 971 4074 innovationem),
1013 3968 1098 4046 aut
1138 3982 1167 4044 e

203 4121 401 4218 gemma
443 4096 498 4185 in
546 4095 685 4186 axilla
736 4095 860 4199 solii,
911 4121 1009 4186 nec
1056 4122 1165 4185 non
