2848 4888
254 381 345 494 m,
573 375 951 482 scaporum.

351 579 687 658 Moldenhauerus
711 568 1195 665 contextum-cellulosum
1213 565 1271 646 di-

259 694 420 792 stinguit
444 721 465 770 a
489 695 699 770 substantia
723 681 916 768 cellulosa.
964 688 1171 764 Fibrarum
1189 704 1272 760 esse

259 822 485 884 contextum
523 832 595 910 per
624 820 748 883 totam
776 802 951 908 plantam
981 805 1128 879 Auctor
1156 795 1303 904 adfirzu

258 936 355 1024 mat,
382 937 420 998 et
441 921 559 997 fibras
582 946 653 1024 per
678 918 906 994 cellularum
931 916 1125 1014 margines
1154 914 1273 990 undi-

226 1125 229 1131 ,
260 1061 338 1138 que
376 1036 581 1111 decurrere
618 1037 763 1132 (Beytr.
799 1061 835 1136 p.
869 1037 914 1110 17
950 1047 1000 1108 et
1020 1037 1099 1109 117.
1131 1029 1272 1140 seqq).

257 1137 409 1227 Meatus
433 1148 734 1224 intercellulares
758 1148 890 1249 itaque
914 1161 1029 1246 negat
1044 1147 1273 1248 horumque

258 1262 348 1339 loco
378 1263 497 1339 fibras
530 1263 736 1338 substituit.
796 1261 995 1363 Equidem
1031 1275 1184 1336 meatus
1213 1261 1286 1342 iu·¹
1418 1271 1419 1276 ’

258 1377 517 1456 tercellulares
549 1390 607 1451 sat
635 1378 738 1454 bene
769 1377 904 1460 videm
929 1376 971 1450 in
995 1375 1131 1452 multis
1155 1374 1273 1452 cellu-

257 1489 317 1570 lis,
340 1515 391 1567 ne
427 1489 550 1568 fibrae
586 1490 751 1591 quidem
786 1491 992 1587 vestigium
1023 1491 1065 1566 in
1097 1489 1274 1586 margine

259 1605 469 1707 conspicis3
500 1607 544 1680 in
580 1605 756 1707 partibus
785 1605 1008 1705 plantarum
1041 1606 1176 1692 coctis,
1201 1605 1272 1680 ubi

142 1751 145 1764 ⁴
257 1721 463 1810 materiae„
494 1728 596 1820 quae
625 1727 777 1794 meatus
800 1719 896 1793 istos
921 1718 1086 1819 replent,
1123 1718 1274 1794 solutae

258 1849 326 1912 aut
349 1833 494 1933 dilutae
519 1846 620 1920 sunt,
644 1833 862 1928 marginem
886 1831 1007 1907 istum
1024 1833 1135 1932 quasi
1152 1833 1274 1909 fibro·

257 1973 348 2024 rum
374 1946 601 2024 cellularum
628 1969 712 2020 non
729 1946 939 2047 conspicio,
957 1945 1027 2020 sed
1048 1947 1274 2022 obsoletum

256 2063 308 2140 ita
336 2077 384 2139 ut
412 2061 549 2138 cellula
583 2059 765 2161 undique
794 2059 1035 2158 membranis
1060 2061 1183 2136 cincta
1209 2088 1274 2162 ap·

163 2198 165 2201 ’
256 2190 396 2279 pareat
423 2175 595 2254 Cellulae
610 2190 706 2252 tunc
723 2161 873 2250 solutae
890 2173 945 2248 nil
965 2173 1111 2250 babent
1127 2174 1274 2266 fibrosi,

258 2303 296 2368 et
319 2291 422 2366 inter
444 2287 601 2366 cellulas
626 2285 818 2385 sejunctas
843 2286 949 2362 nulla
973 2303 1150 2366 remanet
1164 2289 1274 2368 fibra.

256 2405 318 2482 De
343 2402 526 2503 Splacbni
552 2415 736 2478 contextu
760 2400 959 2492 celluloso,
985 2429 1105 2504 quem
1129 2407 1275 2506 praeci·

257 2539 338 2616 pue
360 2513 497 2592 adfert
532 2515 884 2604 Moldenhauerus,
929 2530 1067 2619 utpote
1121 2520 1275 2621 plantae

258 2629 523 2727 subnormalis
547 2629 648 2706 infra
674 2629 833 2705 dicetur.
929 2721 932 2728 Ι

354 2744 675 2835 Membranarum
700 2743 742 2818 in
768 2743 916 2820 cellulis
941 2769 1174 2847 compagem
1193 2772 1275 2824 esse

257 2853 463 2944 fibrosam,
489 2857 587 2952 olim
613 2859 791 2954 Grewius
815 2859 972 2959 putavit
1022 2863 1173 2938 Omnes
1189 2887 1275 2963 par·

258 2983 314 3048 tes
346 2973 524 3074 corporis
550 2973 721 3071 organici
748 2997 769 3048 e
794 2971 903 3048 fibris
929 2999 1012 3050 esse
1038 2977 1276 3076 compositas

259 3089 483 3161 communis
515 3099 597 3183 erat
630 3087 766 3186 opinio
800 3086 984 3161 omnium
1008 3085 1090 3163 sere
1114 3091 1278 3186 Physio·

257 3195 454 3294 logorum.
503 3201 554 3276 At
575 3223 647 3274 nec
663 3201 814 3276 ratione
832 3223 904 3276 nec
922 3200 1046 3278 oculis
1062 3201 1138 3276 hae
1155 3200 1276 3300 fibrae

257 3313 425 3412 perspici
461 3326 638 3412 possunt.
703 3315 849 3388 Contra
887 3313 1120 3413 opinionem
1161 3316 1276 3392 istam

257 3423 345 3506 fuse
371 3424 543 3527 disputat
565 3427 707 3504 Mirbel
732 3425 925 3528 (Exposit
950 3455 986 3529 p.
1012 3432 1068 3504 61.
1096 3430 1209 3527 152).

256 3575 347 3669 45(
393 3575 580 3669 Cellula
612 3578 805 3668 circum
838 3578 970 3668 circa
1004 3581 1170 3672 clausa
1194 3595 1276 3683 est

315 3746 414 3808 nec
443 3717 916 3834 interruptionibus,
947 3749 1044 3810 nec
1076 3720 1276 3812 forami-

257 3839 291 3906 s'
318 3857 477 3978 nibus·
497 3856 552 3976 in
584 3859 793 3948 alteram
823 3871 1011 3982 patens..
1039 3915 1058 3928 -·
1114 3919 1117 3925 -

352 3995 644 4097 Interruptione
669 3993 992 4070 membranarum
1006 3995 1193 4073 'cellulam
1209 4025 1276 4098 pa-

256 4121 346 4183 tere.
360 4109 404 4186 in
425 4108 585 4186 alteram
603 4108 712 4186 olim
717 4103 920 4212 credidere
935 4101 1147 4212 Rudolplii
1157 4108 1276 4209 (Ana-
