2840 4878
230 373 300 452 188
642 379 829 455 notan.

228 585 367 656 reversa
402 577 592 676 angulum
630 601 723 652 cum
753 578 864 656 caule
894 581 1145 675 constituunt.
1175 585 1246 660 ob·

226 697 380 781 tirsum,
410 690 577 767 tandem
604 693 850 792 dependentia
877 682 930 770 ob
962 694 1154 772 laxitatem
1178 721 1246 798 pe·

203 805 321 882 ‘uolt
369 803 527 904 Reliqui
554 803 780 881 directionis
805 807 917 883 modi
939 807 1168 886 indicantur
1185 811 1245 887 uti

226 915 539 1035 ramorum(96
543 916 591 1013 ).·
624 917 878 1020 Resupinata
894 937 1110 1016 vocantur,
1142 949 1245 1000 cum

224 1027 403 1109 torsione
438 1030 575 1132 petioli
611 1031 778 1108 naturali
782 1037 1012 1192 superior
1023 1037 1169 1137 pagina
1199 1035 1246 1113 fit

224 1144 399 1222 inferior
515 1157 547 1189 ²¹¹
599 1169 603 1174 ·
816 1183 819 1192 <
1241 1186 1244 1194 ’

322 1265 473 1336 Totum
515 1255 686 1334 folium
700 1281 786 1336 non
823 1285 979 1362 semper
1018 1261 1062 1356 in
1099 1263 1245 1340 eodem

223 1375 344 1477 plano
377 1387 443 1450 est.
478 1372 704 1450 Intertlum
736 1373 881 1449 lamina
905 1363 1160 1478 horizontalis
1186 1394 1245 1456 est

99 1557 104 1572 ,
225 1489 326 1564 dum
357 1487 540 1617 petiolus
559 1501 696 1588 patens
728 1501 795 1562 aut
828 1503 1017 1578 arrectus,
1040 1491 1244 1568 interdum

223 1605 389 1704 quoque
420 1601 592 1680 anterior
612 1625 711 1702 pars
734 1598 829 1675 solii
847 1601 1120 1692 horizontalis,
1144 1601 1244 1679 dum

223 1717 421 1818 posterior
444 1729 598 1791 arrecta.
649 1717 773 1815 Saepe
796 1711 901 1792 folia
908 1717 1084 1815 margine
1100 1715 1243 1796 reflexa

224 1845 293 1908 aut
313 1829 493 1908 revoluta
518 1842 626 1916 sunt,
650 1829 776 1904 rarius
801 1828 919 1934 apice

320 1943 511 2044 Pleraque
530 1941 625 2020 folia
641 1970 714 2042 app
715 1945 849 2018 lancta
864 1942 982 2042 vulgo
1001 1931 1101 2032 sunt
1118 1919 1243 2020 utrin-

224 2083 303 2160 que
331 2057 462 2163 plana,
494 2070 561 2131 aut
590 2085 773 2144 convexa,
805 2085 1015 2134 concavare.
1034 2058 1242 2135 Alternu-

222 2173 297 2248 tim
321 2194 542 2248 convexum
567 2191 865 2271 concavumque
882 2173 1070 2250 undmum
1087 2169 1241 2260 dicitur,

165 2274 172 2290 ’
223 2300 272 2364 et·
293 2285 325 2360 si
356 2285 508 2360 ambitu
536 2282 580 2357 id
611 2295 765 2357 tantum
797 2280 951 2371 accidit,
984 2285 1041 2361 uti
1067 2281 1242 2388 plerunr-

222 2417 311 2502 qne,
333 2399 585 2485 cndidatuma
601 2393 721 2472 undis
744 2395 891 2494 iterum
917 2397 1143 2500 iterumque
1166 2423 1241 2475 un*

222 2510 381 2597 dedatis,
413 2511 582 2609 crispum.
622 2509 834 2596 Placatum
858 2507 989 2604 estjsi
1014 2511 1241 2614 superficies

221 2624 307 2700 folii
346 2623 473 2699 varios
511 2621 676 2720 angulos
713 2623 884 2712 exhibet,
914 2623 1132 2730 squorrosc⁴
1151 2627 1240 2722 luci-

221 2741 387 2825 niotum,
413 2737 445 2812 si
470 2735 631 2810 laciniae
657 2733 869 2834 eriguntur.
919 2793 924 2802 ·

315 2851 488 2929 Directio
525 2847 718 2926 foliorum
758 2849 859 2928 intra
900 2873 1101 2950 gemmam
1137 2850 1239 2928 infra

220 2965 380 3044 dicetur.

219 3103 321 3230 114.
392 3099 533 3192 Folia
582 3091 816 3195 constant
862 3129 921 3190 ex
951 3103 1240 3220 'epidermide

282 3247 456 3340 cortice,
487 3239 542 3327 in
574 3267 674 3356 quo
707 3238 867 3340 nervi,
899 3251 955 3334 et
979 3243 1124 3358 dzploc‘
1151 3267 1240 3328 seu

281 3377 517 3488 medulla3
534 3383 707 3496 petiolis
727 3383 951 3506 marisque
971 3395 1240 3468 structuram

223 3549 226 3558 ¹
281 3551 507 3622 ramorum
536 3515 884 3605 referentibus.
916 3607 920 3622 ⁸

260 3681 263 3688 ·
315 3652 523 3730 Foliorum
549 3661 739 3725 structura
766 3642 944 3749 exposita
960 3662 1021 3750 est
1050 3644 1077 3724 f.
1108 3649 1185 3740 27„
1201 3661 1240 3722 et

217 3771 276 3846 28.
324 3767 453 3844 Habes
477 3763 503 3839 f.
527 3765 585 3840 28.
611 3775 859 3860 segmentum
883 3761 1136 3840 transversale
1151 3759 1238 3838 folii

219 3875 472 3960 Camelliae
462 3877 680 3980 japonicae
711 3875 794 3950 ubi
807 3905 834 3952 a
855 3873 1005 3952 indicat
1028 3875 1238 3978 epidermi

219 3996 311 4071 dem
347 3993 510 4096 paginae
541 3988 755 4078 inferioris,
786 3987 1021 4070 bcorticem
1058 3987 1237 4112 ejusdcm

217 4111 396 4261 paginae,
421 4137 442 4183 c
468 4093 647 4251 diploen,
671 4107 700 4182 d
723 4103 973 4182 corucem
934 4099 1104 4206 paginae
1122 4127 1237 4206 supe·
