2836 4878
271 361 346 438 aas
639 329 927 434 cancros·

273 557 373 634 circa
395 555 683 653 ombryouem,
720 576 793 628 nec
825 554 925 630 circa
959 557 1301 658 semenpositum

272 673 335 756 sit3
371 671 466 748 hinc
500 669 645 746 melius
681 668 977 768 periembryum
1015 683 1083 745 aut
1118 695 1300 772 prosem-

270 787 416 883 bryum
448 783 573 859 dicas·
616 780 776 858 Eodem
799 779 881 858 fere
902 797 1086 884 tempore
1113 788 1330 861 Gaertne--

271 925 340 978 rus
372 899 563 978 albumen
592 896 762 984 vocavit,
794 897 960 973 nomine
985 897 1145 1028 aptiore.
1194 903 1301 974 Nam

272 1011 487 1124 albuminis
519 1033 687 1088 munere
717 1009 914 1109 fungitur,
939 1013 1098 1113 quippe
1131 1011 1301 1112 quoda

271 1101 517 1226 germinante
556 1125 773 1222 embryone
811 1125 1069 1204 exhauriatur.
1130 1129 1212 1202 Nec
1242 1125 1300 1200 vi-

272 1243 350 1320 deo
378 1265 450 1316 cur
473 1237 604 1316 nolint
624 1238 813 1315 albumen
829 1264 980 1328 vocare,
1006 1264 1099 1314 cum
1118 1239 1301 1316 orarium

272 1356 414 1432 dicant
475 1352 648 1434 Pessime
683 1353 859 1434 Richard
905 1377 1057 1430 nomeu
1100 1354 1143 1429 in
1175 1352 1300 1452 endo-

272 1468 492 1571 spermium
515 1467 690 1556 mutavit,
723 1493 816 1545 cum
849 1467 1155 1568 perispermium
1178 1467 1300 1544 indu-

269 1599 453 1662 mentum
498 1583 699 1661 seminum
744 1583 912 1658 exterius
957 1581 1098 1663 dica't..
1136 1583 1299 1683 Optime

270 1697 390 1795 hujus
427 1697 701 1774 evolutionem
744 1697 924 1797 exposuit
961 1700 1001 1772 L.
1041 1698 1082 1773 C.
1122 1699 1300 1776 Trevira·
1403 1739 1404 1746 κ

270 1812 442 1909 nustv.
469 1810 506 1886 d.
529 1809 832 1908 Entwickelung
856 1809 927 1886 des
951 1811 1127 1906 Embryo
1153 1836 1191 1891 u
1225 1813 1300 1890 sei·
1401 1829 1402 1858 ³

271 1950 344 2006 ner
355 1924 658 2020 Umhiillungen
670 1923 727 2000 im
740 1921 985 2022 Pilanzeney.
1002 1924 1100 2000 Berl.
1111 1929 1217 2007 1815.
1231 1925 1300 2023 4.);

272 2037 469 2142 quaedam
495 2062 659 2140 quoque
685 2037 839 2115 addidit
862 2038 1083 2116 Dutrochet
1100 2040 1299 2137 (Memoir.

273 2152 309 2228 d.
334 2159 519 2230 Museum
547 2158 592 2228 T
615 2157 649 2228 8.
674 2179 711 2252 p.
736 2155 818 2228 244
844 2153 968 2254 seqq)
995 2153 1139 2242 omnia,
1164 2169 1210 2229 ut
1234 2179 1299 2231 so-

270 2267 352 2342 lent
385 2267 517 2353 exteri‚
550 2267 753 2364 ignorans,
785 2289 887 2366 quae
917 2266 1101 2368 pluribus
1127 2284 1216 2346 ante
1240 2269 1300 2407 ip·

271 2405 363 2474 sum
387 2382 501 2455 annis
527 2379 783 2510 descripserat
807 2381 1054 2458 Treviranus.

366 2499 414 2570 In
445 2495 595 2569 semine
626 2491 783 2590 juniore
819 2494 1127 2596 perispermium
1165 2521 1299 2572 saccu-

270 2600 357 2684 lum
381 2605 528 2684 format
553 2607 799 2696 cellulosum,
825 2609 944 2685 nullis
969 2610 1162 2687 fasciculis
1188 2637 1299 2688 vaso·

269 2747 363 2798 rum
401 2721 649 2812 distinctum,
691 2747 809 2799 succo
847 2722 1018 2826 limpido
1058 2727 1182 2825 magis
1223 2727 1298 2801 mi-

270 2863 395 2914 nusve
418 2836 629 2936 repletum,
653 2837 754 2912 intra
781 2863 904 2939 quem
930 2839 1095 2936 embryo
1129 2855 1297 2942 apparet.

270 2953 389 3028 Hicce
422 2949 599 3028 sacculus
634 2967 701 3028 aut
731 2953 933 3030 cavitatem
959 2953 1066 3030 ovuli
1092 2953 1297 3032 forma'ab

269 3065 550 3164 integumentis
568 3057 867 3144 determinatam
884 3069 1017 3168 replet,
1040 3084 1087 3144 ut
1102 3069 1145 3144 in
1160 3069 1297 3170 pleris-

270 3200 358 3276 que,
385 3192 453 3254 aut
477 3177 746 3274 cylindraceus
772 3195 830 3257 est
844 3183 1030 3282 (Daphne
1050 3181 1296 3277 Mezereum)

270 3305 339 3370 aut
382 3289 582 3368 filisormis
619 3294 895 3392 (Momordica
944 3296 1185 3393 Elaterium)
1228 3310 1297 3372 aut

120 3463 133 3490 ,
270 3403 387 3484 altera
419 3408 658 3484 extremitate
693 3409 891 3496 dilatatus,
938 3409 1056 3489 altera
1096 3410 1296 3488 filiformis

270 3531 309 3594 et
343 3518 546 3596 interdum
592 3531 797 3603 contortus
830 3527 1011 3621 (Prunus
1045 3523 1296 3620 domestica).

268 3637 356 3710 Huc
383 3659 546 3735 quoque
571 3634 818 3723 referendae,
849 3663 947 3737 quas
971 3639 1196 3741 hypostatas
1226 3662 1296 3714 vo-

269 3761 329 3828 cat
352 3749 582 3825 Dutrochet
631 3754 679 3826 In
703 3751 979 3849 Leguminosis
1004 3754 1121 3830 variis
1145 3752 1295 3833 tenuis-
1325 3804 1328 3809 -

190 3871 195 3884 “
268 3862 416 3938 simum
452 3866 711 3962 embryonem
744 3866 909 3942 investit.
968 3855 1072 3944 Cum
1106 3867 1297 3944 adolescit

269 3990 335 4053 aut
358 3978 475 4078 plane
501 3979 762 4068 oblitteretur,
789 3996 856 4056 aut
880 3981 1161 4058 tenuissimum
1185 3980 1232 4057 fit
1258 3995 1298 4058 et
1403 4009 1404 4012 ¹

267 4114 351 4168 non
394 4109 486 4170 raro¹
523 4120 615 4173 cum
651 4097 882 4174 membrana
919 4096 1060 4175 intima
1101 4096 1295 4176 coalescit.

1195 4210 1295 4291 Vice
