2838 4874
468 347 762 427 arsimus.
1061 350 1131 424 431

12 605 13 608 a
106 549 329 638 certefolia
354 563 515 630 mutata.
571 547 861 647 Acotyledones
886 547 936 627 ad
961 533 1132 652 p'n'marn

106 667 305 767 pertinent
330 664 503 752 classem,
527 662 913 761 Monocotyledones
928 662 978 740 ad
995 687 1134 740 secun

105 779 211 869 dani,
235 779 419 882 Apetalae
442 771 577 880 plures
603 775 653 854 ad
677 778 842 866 tertiam,
868 780 1134 880 compositae,

108 895 317 984 Solaneae,
374 893 628 980 Gentianeae,
682 893 987 990 Legumiuosae,
1038 899 1134 972 Suc·

107 1009 296 1099 culentae,
320 1012 518 1086 Rosaceae
542 1021 582 1082 et
606 1003 758 1082 adfines
783 1006 834 1082 ad
860 1008 1050 1109 quintam,
1074 1035 1135 1086 re·

106 1123 240 1226 liquae
278 1121 327 1200 ad
358 1135 561 1223 quartam.
625 1121 847 1208 Divisiones
873 1122 1134 1225 quadriparti-

91 1251 169 1313 tae
200 1251 311 1326 sunt,
343 1235 567 1312 secundum
601 1235 812 1322 elementem
842 1238 1010 1313 ternaria
1034 1237 1134 1314 divi-

94 1352 168 1428 sio
200 1354 233 1428 si
263 1349 440 1426 mediam
470 1350 513 1426 in
545 1349 779 1448 objectivam
811 1363 850 1426 et
879 1349 1135 1449 subjectivam

106 1465 252 1542 dividis
277 1467 428 1564 (aerem
454 1479 494 1540 et
517 1465 680 1566 aquam)
705 1461 752 1540 fit
768 1466 1024 1566 quaternaria.
1067 1472 1136 1566 Sy-

106 1593 232 1656 stema
261 1579 446 1656 Auctoris
471 1593 691 1656 accuratam
718 1578 1039 1657 distributionem
1068 1581 1136 1658 ad-

105 1693 241 1780 mittit,
273 1717 368 1768 nam
399 1694 518 1771 series
548 1695 720 1796 partium
751 1693 1027 1795 supradictae
1052 1719 1137 1796 gra-
1221 1731 1226 1744 ·

92 1805 185 1883 ·dus
221 1808 371 1884 habent
405 1807 630 1886 secundum
665 1808 787 1884 istum
818 1822 959 1910 typum
992 1811 1136 1888 consti-

107 1937 233 2010 ιιιιιιι,1
256 1937 296 1999 at
318 1924 470 1999 Auctor
484 1921 711 2001 rudimenta
727 1934 883 1997 tantum
895 1925 1120 2025 proposuit

205 2039 266 2112 De
299 2033 533 2114 Candollius
565 2035 708 2112 seriem
746 2033 937 2114 'ordinum
979 2052 1136 2116 natura-

107 2149 209 2228 lium
243 2149 295 2226 de
326 2150 639 2228 Renunculaceis
671 2150 818 2252 incipit
878 2152 1015 2230 Atio
1052 2179 1137 2230 me·

94 2265 179 2342 =dio
203 2263 287 2342 fere
311 2265 464 2366 positus
489 2277 550 2340 est
570 2262 692 2354 ordo,
722 2264 1030 2343 ssorumforma
1054 2267 1137 2370 pls-

105 2395 281 2482 rumque
304 2379 666 2478 regularisetipso
691 2379 1005 2481 pancarpiorum
1038 2383 1136 2466 orbe

96 2493 289 2593 regulari.
334 2492 595 2592 irregularis
619 2491 869 2570 sormaffnon·
886 2495 1043 2572 summa
1069 2513 1137 2587 est,

97 2612 179 2686 sed
201 2607 386 2684 ridemus
416 2605 622 2707 ipsam-ad
646 2607 814 2695 aliane.
840 2631 873 2706 g.
899 2609 1082 2687 labiatam
1107 2628 1137 2688 ι.

97 2723 303 2798 ·lahiosam
351 2719 637 2823 (papilionacen
678 2735 738 2797 est
777 2720 927 2799 labiosa
967 2725 1135 2827 mutata)

106 2835 281 2913 tendere.
361 2835 563 2912 Labiatain
606 2833 656 2911 ad
698 2833 934 2934 regularem·
962 2838 1136 2931 tendere,

105 2952 169 3038 vir
201 2949 325 3037 dicas,
357 2968 451 3027 cum
480 2949 595 3024 illan
619 2948 773 3048 uulgata
790 2951 971 3044 'corollae
992 2951 1137 3046 sonna,

97 3079 247 3166 *utpote
272 3061 425 3140 e'ioliis
446 3063 697 3164 compositae
718 3063 1117 3162 magisrabhorreatz·

93 3219 96 3226 .
206 3177 567 3274 Qualitatasrssso·
584 3177 733 3254 hahent
765 3179 844 3256 uoi'
863 3179 1027 3257 formae
1079 3187 1136 3259 m

92 3294 350 3369 —univenum
373 3291 619 3386 coupeuipnt
648 3317 745 3368 cum
775 3291 984 3370 ordinibus
1022 3311 1136 3374 natu·

97 3405 269 3491 -rnlibus3
294 3407 398 3482 inter
420 3407 531 3506 ips'o's
555 3431 651 3482 vero
677 3420 717 3482 et
740 3405 792 3502 ad
811 3409 960 3484 eorum
991 3409 1135 3489 limites

104 3517 341 3595 reticulatim
364 3523 564 3642 vagantur.
654 3577 656 3586 ,
906 3551 908 3559 ·
950 3550 954 3558 ·

92 3635 237 3812 219.
273 3687 508 3816 System'o
514 3674 609 3779 oriz
639 3689 748 3776 ceole
709 3651 880 3796 l'ad
906 3702 995 3805 nat
974 3690 1135 3790 torale

149 3801 507 3930 indicandum
518 3794 721 3943 optime
736 3779 1110 3934 conducit

206 3981 382 4076 Systema
412 3977 590 4056 naturale
621 3991 828 4075 systemate
860 3976 1087 4056 artificiali
1076 4005 1136 4056 m-

106 4089 215 4194 uiget
244 4089 356 4191 cujus
388 4118 465 4196 ope
488 4105 758 4191 cognoscatur.
807 4093 909 4170 Hinc
933 4094 1134 4172 Iussieuus
