2852 4872
547 361 549 370 ⁴
601 357 764 432 FLOS·¹
1121 363 1203 436 uls

133 619 135 624 .
167 555 237 632 se'd
280 573 444 657 quoque
484 555 527 630 in
574 550 809 656 corporibus
852 555 964 667 vivis,
1011 556 1193 659 vitaeque

165 669 340 772 periodis
367 669 699 746 animadvertitur.

169 841 270 932 lle).
333 837 588 956 Prolepsis
625 843 811 956 simplex
847 851 922 928 est
959 853 1044 929 aut
1080 871 1201 930 com·

223 987 383 1096 posita,
406 982 698 1068 delcrmzizata
721 991 805 1066 aul
827 981 1170 1072 indeterminata.
1194 1063 1198 1078 ,

266 1135 481 1235 Szinpliccm
514 1153 614 1206 voco
647 1131 866 1231 prolepsin,
893 1133 924 1206 si
950 1129 1073 1208 futuri
1099 1127 1197 1210 anni

166 1267 347 1345 gemmae
371 1259 525 1321 tanturn
551 1245 594 1319 in
619 1244 739 1320 flores
761 1247 1197 1350 abeunb‘composrlums
1287 1279 1289 1282 ·

165 1355 197 1435 si
237 1385 282 1436 ex
320 1359 439 1436 axillis
477 1357 671 1434 soliorum
707 1361 808 1435 rami
848 1351 1079 1462 erumpunt,
1121 1363 1191 1464 qui

162 1497 300 1550 rursus
326 1499 371 1548 ex
396 1473 518 1548 axillis
542 1472 737 1549 foliorum
755 1497 923 1550 suorum
942 1474 1062 1551 llores
1080 1476 1199 1553 omib·¹

162 1601 267 1675 tunt,
302 1603 340 1669 et
373 1588 427 1662 sic
451 1611 586 1689 porro.
642 1591 689 1663 In
716 1587 956 1700 quibusdam
983 1591 1193 1666 arboribus

162 1702 356 1804 prolepsis
394 1701 559 1801 simplex
597 1701 846 1802 conspicitur
879 1703 928 1776 in
960 1703 1093 1780 herbis
1129 1727 1190 1780 ra-

163 1815 256 1901 rius,
282 1839 458 1915 quarum
478 1813 672 1915 prolepsis
698 1839 813 1916 saepe
837 1817 1004 1918 repetito
1026 1841 1195 1918 compo
1195 1839 1199 1844 ·

165 1915 237 2004 sita
264 1937 329 2004 est.

261 2041 322 2120 Ad
348 2045 505 2121 eandem
525 2045 724 2146 prolepsim
752 2057 818 2120 aul
838 2048 996 2122 curulem
1011 2048 1196 2147 gemmlfi-

164 2156 352 2233 cottonem
375 2159 572 2256 pertinent
596 2157 733 2247 flores,
760 2160 829 2260 qui
855 2185 901 2238 ex
926 2159 1046 2236 axillis
1071 2159 1188 2237 solio·
1239 2172 1244 2184 '

163 2293 256 2345 rum
294 2267 473 2368 ejusdem
510 2273 609 2346 romi
646 2273 922 2373 provenientes
952 2274 1004 2350 ita
1032 2267 1196 2360 ssorenlf

163 2397 210 2458 ut
231 2381 440 2467 inferiores
457 2387 729 2486 praecociores
747 2387 832 2462 sinc
870 2387 1064 2464 Videmus
1082 2381 1194 2476 enim?
1304 2393 1306 2398 ’

163 2497 259 2574 solia
295 2495 484 2574 inferiora
517 2523 610 2575 curn
642 2502 810 2614 gemmis
841 2499 964 2576 firltis·
981 2503 1091 2602 prins
1124 2526 1197 2578 ern·

163 2611 320 2712 plicata,
360 2632 505 2712 quarn
519 2615 780 2715 superiora.¹
776 2607 918 2710 Quod
956 2615 1157 2716 quidem'
1144 2628 1193 2690 m

164 2737 253 2828 vera
284 2726 406 2828 spica,
438 2739 476 2801 et
505 2728 696 2814 umbella,
730 2753 804 2802 nec
835 2728 985 2804 nonin
1010 2753 1104 2845 vero
1130 2753 1189 2804 ra

121 2933 124 2936 ‚
165 2863 298 2928 cerne,
325 2854 565 2942 emensoque
589 2839 681 2916 fieri
701 2833 961 2917 ridemus·
1090 2885 1094 2890 ·
1126 2861 1197 2904 *uf

210 2955 303 3030 Si
328 2954 521 3054 prolepsis
547 2957 769 3054 composita
796 2969 866 3040 est,
894 2951 1042 3030 caulis
1040 2971 1193 3036 aut‘ra's

162 3093 255 3143 mus
279 3067 491 3168 primarius
515 3067 626 3167 prius
651 3067 785 3155 floret,
812 3093 932 3170 quam
958 3070 1195 3168 secundarii}-

162 3180 420 3258 secundarius
446 3205 569 3286 quarn
594 3182 754 3258 tertiarii
781 3197 820 3258 st
843 3183 898 3256 sic
916 3177 1063 3283 porro,
1089 3198 1185 3258 nam

161 3296 204 3372 bi
238 3295 363 3370 serius
396 3287 581 3370 oriuntur
615 3321 736 3395 quarn
762 3295 828 3371 illi.
878 3298 1035 3372 Hincsi
1061 3298 1103 3372 in
1129 3293 1219 3379 rob.

163 3431 277 3484 cerno
305 3421 372 3482 aut
397 3409 502 3508 spica
527 3411 750 3510 superiores
776 3411 896 3487 flores
919 3412 1030 3513 prius
1047 3429 1194 3514 espen-³

163 3521 328 3608 duntur,
361 3523 555 3624 prolepsis
586 3546 670 3600 non
702 3539 759 3600 est
783 3524 957 3626 simplex,
982 3525 1052 3602 sed
1078 3547 1191 3602 com

161 3636 306 3737 posita,
344 3649 382 3711 et
413 3662 594 3746 racemus
626 3639 801 3740 spurius,
838 3639 1024 3741 spicaque
1045 3635 1192 3796 spuria
1240 3659 1255 3726 ,·

164 3747 349 3825 rroanda

258 3867 352 3939 Non
376 3892 466 3949 raro
501 3867 576 3942 sub
605 3891 765 3948 racemo
787 3867 983 3943 terminali
1007 3880 1075 3947 aul
1097 3893 1185 3946 cau-

163 3973 219 4062 lis,
262 3991 329 4052 aut
369 3980 466 4054 rami
512 3979 575 4055 alii
618 3981 803 4056 oriuntur
842 3981 966 4082 serius
1000 3977 1185 4058 florentes

164 4114 284 4190 quarn
318 4092 540 4168 secundarii
575 4092 752 4191 ejusdem
783 4095 927 4171 racemi
960 4095 1185 4185 terminalis,
