2852 4872
267 375 343 454 an
699 370 862 470 suos.

267 621 271 626 -
366 568 516 668 Galycis
539 565 673 668 phylla
698 591 814 668 saepe
837 566 889 644 ita
914 581 1088 670 separata
1111 584 1221 668 sunt,
1242 586 1294 648 ut

268 683 435 762 seorsim
461 681 658 766 decidant;
682 681 724 756 in
750 681 833 757 aliis
859 680 909 758 ad
932 682 1045 759 basin
1071 684 1209 783 calycis
1224 710 1293 762 us-

268 823 348 900 qne
379 811 446 873 aut
475 796 737 897 hypanthium
768 811 940 898 separata
972 797 1092 874 simul
1121 823 1293 876 marces-

185 998 189 1004 ,
269 905 364 990 cunt
405 927 444 987 et
473 924 650 1012 pereunt
710 911 922 986 Rarissime
954 910 1086 1012 phylla
1120 937 1293 1014 superne

266 1025 517 1104 cohaerentia
578 1023 697 1100 simul
747 1023 939 1100 decidunt
986 1026 1292 1123 (Eschholtzia).

267 1147 444 1220 Nervum
480 1140 629 1215 habent
663 1137 794 1239 phylla
834 1138 1072 1240 plerumque
1108 1139 1292 1216 medium

268 1253 398 1334 abasi
430 1250 480 1328 ad
511 1253 663 1354 apicem
689 1266 972 1341 excurrentem,
998 1252 1116 1331 latera
1140 1254 1289 1340 tenuia,

267 1369 576 1453 membranacea,
602 1362 784 1452 colorata,
803 1367 931 1441 nervis
944 1366 1171 1442 lateralibus
1185 1392 1292 1442 mar·

268 1485 401 1584 ginem
441 1503 525 1556 non
565 1479 884 1580 pertingentibus.
942 1484 1044 1583 Sunt
1081 1493 1215 1556 tamen
1253 1493 1294 1556 et

267 1596 399 1700 phylla
431 1593 686 1696 plurinervia,
720 1607 787 1668 aut
822 1593 949 1668 nervis
983 1594 1033 1669 ad
1069 1594 1291 1692 marginem

268 1708 573 1796 excurrentibus,
597 1709 640 1782 in
665 1730 807 1805 genere
823 1703 929 1782 soliis
946 1708 1146 1784 similiora.
1194 1707 1292 1784 Vice

269 1849 378 1902 versa
402 1823 533 1925 phylla
559 1833 774 1897 occurrunt
796 1821 933 1920 petalis
950 1822 1151 1909 similiora,
1168 1845 1290 1896 nervo

268 1939 458 2044 primario
496 1960 631 2012 versus
661 1934 813 2036 apicem
845 1935 950 2011 varie
982 1933 1107 2014 diviso
1134 1948 1173 2011 et
1197 1934 1293 2010 deli·

271 2065 490 2156 quescente.

366 2165 428 2244 ad
455 2162 625 2261 calycem
649 2161 958 2263 monophyllum
982 2162 1159 2251 refertur,
1180 2159 1292 2260 cujus

269 2280 401 2384 phylla
444 2274 494 2352 ad
531 2275 643 2351 basin
680 2291 749 2352 aut
782 2276 883 2351 ultra
917 2276 1128 2353 cohaerent
1158 2289 1198 2353 et
1225 2277 1294 2352 bi·
1331 2270 1335 2276 ’
1423 2309 1424 2393 3

271 2390 551 2496 multipartitus
581 2403 751 2464 vocatur.
805 2391 907 2466 Vere
939 2371 1223 2492 monoplryllus
1259 2390 1294 2465 is

271 2521 345 2593 est,
386 2504 496 2601 cujus
535 2501 667 2602 phylla
699 2527 774 2602 pro
819 2504 1008 2578 maxima
1040 2516 1150 2603 parte
1197 2527 1293 2579 con·

271 2633 359 2696 nata
392 2631 594 2718 apparent,
628 2639 750 2691 nervo
782 2617 919 2692 medio
945 2641 1028 2692 non
1054 2617 1197 2704 solum,
1221 2615 1293 2692 sed

270 2730 493 2809 lateralibus
543 2753 706 2831 quoque
755 2730 955 2828 insignita,
999 2730 1111 2831 quod
1151 2731 1294 2831 probat

270 2847 446 2949 partibus
477 2840 651 2921 ¹soliace'is
683 2846 794 2944 quasi
826 2843 1045 2950 stipulaceis
1076 2843 1207 2945 phylla
1233 2857 1293 2919 ac'-
1340 2834 1342 2840 ’

272 2975 373 3038 creta
391 2984 484 3036 esse.
532 2957 739 3035 Interdum
764 2956 847 3032 duo
874 2957 983 3032 nervi
1000 2982 1072 3058 per
1092 2956 1293 3035 intervalla

271 3089 568 3172 segmentorum
592 3085 803 3148 transeunt
851 3073 898 3146 In
923 3070 1050 3167 calyce
1068 3069 1291 3146 decomfido

270 3186 569 3263 Marrubiorum
601 3182 797 3281 ejusmodi
831 3196 1030 3280 segmenta
1061 3183 1294 3260 intermedia

272 3301 531 3376 excrescunt¹
611 3323 615 3332 ’
706 3389 708 3392 ¹
804 3305 806 3312 “
896 3297 942 3395 j‘
990 3325 995 3336 .
1051 3325 1054 3333 ¹
1166 3353 1172 3364 .

277 3481 279 3492 .
321 3412 511 3508 a-Figura
552 3411 674 3487 variat
707 3411 767 3488 uti
809 3409 996 3498 corollae,
1040 3408 1111 3485 sed
1148 3411 1293 3486 minus.

271 3524 406 3623 Phylla
438 3538 475 3599 et
507 3539 705 3621 segmenta
737 3524 932 3600 similibus
962 3522 1096 3598 modis
1128 3523 1295 3624 compli-

273 3654 358 3716 cata
379 3639 480 3714 sunt
754 3720 757 3730 p
1009 3697 1011 3704 ,
1292 3709 1295 3714 ,

276 3816 279 3824 ,
370 3750 526 3830 Transit
555 3751 597 3824 in
623 3748 912 3850 pedunculum,
939 3764 1006 3826 aut
1030 3764 1149 3831 strato
1177 3750 1295 3828 cellu-

272 3867 401 3946 larum
425 3864 740 3942 transversalium
765 3860 991 3962 sejungitur.
1109 3889 1112 3897 ·

1185 4015 1297 4169 162.
1332 4097 1335 4104 ‘
