2836 4878
124 423 129 440 .
221 365 320 444 aea
611 347 897 444 renerus,

223 601 225 606 ·
247 561 385 638 saltem
398 560 449 636 tin
473 559 635 638 latinam
659 560 836 658 linguam
852 585 936 636 non
954 557 1154 648 vertendo,
1175 567 1276 636 cum
1406 563 1407 610 ³

247 691 382 752 contra
420 673 641 772 analogiam
677 672 816 750 fictum
853 674 919 763 sit,
960 697 1045 750 non
1078 675 1187 750 enim
1210 699 1278 750 se-

246 815 340 866 men
371 803 458 877 est‚.
476 813 549 865 nec
579 787 721 863 semini
753 787 975 886 analogum.
1010 787 1277 890 .Sporopho-

246 930 339 981 mm
363 901 443 1000 jam
468 899 626 978 dudum
649 902 795 976 vocavi.

345 1020 508 1094 Constat
549 1039 571 1090 e
614 1012 801 1092 fasciculo
849 1014 1006 1112 lignoso
1043 1015 1165 1092 unico
1204 1029 1279 1092 aut

246 1131 428 1234 pluribus
475 1129 778 1232 parenchymate
827 1130 1023 1219 connatis,
1072 1129 1277 1205 ambiente

248 1270 414 1348 quoque
436 1243 748 1346 parenchymate.
798 1247 844 1319 ln
870 1244 1124 1346 sporophoro
1151 1244 1183 1318 si
1204 1243 1276 1319 ad-

247 1375 318 1450 est,
354 1383 513 1462 semper
545 1356 664 1434 video
701 1381 789 1433 vasa
833 1356 981 1434 fibrosa
1027 1372 1066 1434 et
1106 1357 1275 1458 spiralia.

246 1481 339 1552 Non
371 1475 474 1550 bene
502 1472 622 1571 igitur
652 1470 826 1548 Richard
858 1471 906 1568 (l.
938 1473 994 1568 c.)
1027 1495 1174 1546 nexum
1212 1495 1275 1547 se-

247 1590 405 1664 minum
431 1588 478 1662 in
511 1584 773 1687 sporophoris
810 1611 903 1661 cum
935 1609 1048 1662 nexu.
1070 1586 1274 1662 seminum

247 1727 337 1778 vere
360 1700 608 1803 parietalium
633 1697 824 1776 confudit

343 1817 391 1891 In
414 1813 551 1890 multis
577 1813 880 1914 sporophorum
905 1813 1160 1890 columellam
1178 1839 1275 1890 con-

248 1927 374 2004 stituit
402 1928 445 2002 in
476 1926 612 2004 medio
644 1927 862 2033 pericarpji.
913 1932 1115 2005 Structura
1140 1952 1275 2028 recep-

250 2042 383 2118 taculo
429 2040 542 2118 floris
580 2042 745 2138 analoga
780 2056 836 2117 est
875 2065 897 2118 e
944 2041 1136 2117 fasciculis
1178 2065 1276 2118 con-

250 2169 354 2230 stans
378 2155 541 2253 lignosis
565 2154 869 2256 parenchymate
892 2157 1088 2232 connexis.
1128 2159 1275 2232 Forma

248 2271 352 2346 varia
386 2283 458 2356 est,
492 2281 560 2344 aut
592 2267 834 2366 cylindracca
858 2293 930 2370 per
953 2285 1084 2346 totum
1107 2271 1275 2372 pericar-

247 2385 363 2485 pium
402 2381 584 2469 excurrit,
623 2394 691 2456 aut
728 2383 810 2458 basi
858 2383 1067 2458 incrassata
1122 2385 1275 2460 semina

249 2497 403 2594 gerens,
427 2519 598 2598 superne
622 2509 817 2571 attenuata
844 2521 1077 2573 evanescens
1103 2499 1276 2597 (Primu-

250 2610 378 2685 laceae
401 2611 498 2706 Aug.
524 2613 576 2685 St.
601 2608 747 2684 Hilaire
771 2611 953 2687 Memoir.
980 2611 1016 2686 d.
1032 2617 1132 2688 Mus.
1160 2617 1203 2687 Τ.
1221 2613 1274 2708 2)

250 2737 318 2800 aut
359 2721 601 2820 cylindracca
645 2723 799 2800 inferne
848 2724 999 2800 semina
1035 2735 1173 2822 gerens
1209 2751 1274 2801 su-

249 2861 373 2940 perne
404 2850 599 2913 attenuata
623 2859 861 2914 ‘evanescens
898 2839 1275 2939 (Caryophyllaceae

249 2951 434 3050 Aug&⁴
465 2949 612 3027 Hilaire
651 2949 675 3026 l.
712 2951 783 3046 c),
825 2965 892 3028 aut
923 2953 1074 3040 conica,
1107 2967 1174 3027 aut
1210 2954 1274 3028 sti-

250 3063 388 3163 pitata,
420 3090 494 3166 pro
534 3086 705 3151 numero
743 3065 1106 3142 loculamentorum
1143 3066 1271 3142 lobata

164 3178 168 3186 '
251 3175 641 3272 (Rhododendreae‚
686 3179 888 3277 Ericinae)
935 3193 1002 3256 aut
1041 3179 1272 3280 bipartihilis

251 3287 441 3390 utrinque
466 3289 749 3391 dissepimento
775 3291 931 3367 adnato.
981 3296 1149 3394 Semper
1180 3319 1271 3370 cum

251 3401 350 3498 stylo
376 3403 602 3500 stigmateve
628 3405 917 3482 connexionem
941 3403 1087 3482 hahere
1112 3408 1273 3484 videtur.

250 3515 389 3592 Libera
407 3529 464 3590 est
481 3530 549 3591 aut
566 3515 855 3618 dissepimentis
871 3517 1085 3618 parietibus
1102 3518 1242 3618 juncta.
1321 3581 1326 3600 ,

346 3631 454 3704 Loco
489 3628 721 3706 columellae
748 3631 996 3732 sporophora
1025 3634 1066 3708 in
1099 3639 1274 3735 margine

254 3740 630 3843 dissepimentorum
644 3745 801 3819 centrali
817 3744 1033 3823 decurrunt
1042 3749 1266 3848 (Hibiscus).

352 3857 609 3958 sporophora
646 3859 845 3958 parietalia
875 3861 917 3970 in
953 3877 1093 3939 ventre·
1109 3866 1275 3942 valvula-
1406 3879 1407 3948 ἰ

253 3995 346 4046 rum
376 3970 595 4049 decurrunt
628 3971 896 4072 (Violaceae),
928 3977 1067 4052 autin
1092 3979 1275 4078 margini·
1406 3977 1407 3998 ¹

252 4081 330 4160 bus
356 4085 636 4208 (Siliquosae).
