2852 4872
557 309 744 438 rom
1092 358 1166 434 ror

140 563 277 640 lorum
291 575 540 640 ..assumunt
590 557 800 660 Ejusmodi
837 560 1007 634 mutatio
1040 558 1167 636 rarius

135 678 330 765 occurrit,
364 678 569 754 observato
585 689 741 752 tamen·
765 687 825 750 est
847 673 891 747 in
916 673 1058 774 Tulipa
1084 698 1168 772 ges-

141 793 302 870 neriana
327 806 366 870 et
388 793 495 869 Rosa
521 788 723 866 oentifolio
749 788 877 886 (loger
900 786 923 862 l.
950 812 980 862 c.
1005 791 1165 888 p.,43.).›

143 1009 245 1136 12'0.
307 1043 447 1134 Nervi
492 1057 640 1158 saepe
669 1039 737 1128 ¹in
778 1045 930 1157 spinos
970 1037 1169 1141 abeunt,

203 1171 365 1272 rarius
396 1182 450 1270 in
483 1184 671 1280 cirrhos,
704 1173 962 1304 ¹interdum
993 1175 1048 1268 in
1082 1213 1169 1268 ver·

138 1306 143 1323 ’
205 1355 353 1438 rocos,
394 1318 648 1426 rarissime
698 1332 865 1438 totum
901 1318 1092 1434 folium,
1114 1319 1170 1411 in

205 1461 403 1579 spinam
433 1471 667 1550 mutatur.
749 1539 753 1548 .

237 1629 357 1706 Nervi
376 1627 387 1660 ²
397 1625 573 1705 laterales
611 1643 648 1704 et
684 1623 841 1728 medius
871 1627 1169 1732 prolongantur,

143 1745 434 1820 contrahuntur
459 1753 497 1816 et
520 1742 651 1842 spinas
677 1739 856 1818 efficiunt
882 1743 923 1818 in
941 1728 1170 1820 Acnr'naceis

141 1856 359 1958 multisque.
392 1855 475 1932 aliis‘
500 1853 936 1957 plantis‘reperi‘undos:
985 1857 1120 1934 Aculei
1148 1881 1169 1932 e

141 1971 279 2048 medio
305 1969 390 2046 solii
416 1970 556 2046 emersi
580 1969 749 2044 rariores
775 1985 878 2045 sunt.
941 1999 950 2007 ·
1053 1985 1057 2001 “

239 2090 394 2172 Nervus
418 2083 576 2158 medius
601 2083 642 2157 in
670 2083 847 2159 cirrhum
874 2085 1003 2160 exiens
1027 2085 1069 2160 in
1100 2089 1171 2162 Le·

145 2199 370 2298 guminosis
396 2196 567 2272 subinde
593 2197 831 2274 observatur.

239 2317 436 2390 Verrucoe
467 2312 508 2385 in
541 2312 720 2409 margine
746 2327 839 2387 sunt
862 2314 995 2410 anguli
1021 2315 1172 2414 promi·
1291 2307 1297 2314 '

144 2443 281 2506 nentes
315 2425 522 2504 contracti:
571 2425 674 2502 Hinc
708 2426 839 2523 anguli
870 2427 932 2504 isti
964 2441 1031 2504 out
1054 2429 1172 2528 plone

146 2564 354 2628 evanuere,
383 2555 450 2616 aut
474 2540 627 2643 partim.
683 2540 842 2629 SoliceS,
866 2543 990 2618 Pruni
1021 2542 1173 2630 horum

146 2647 329 2755 exemplo
349 2653 534 2730 offerunt.

241 2771 288 2842 In
312 2768 472 2842 Berberi
498 2782 630 2843 totum
654 2763 801 2872 folium
825 2769 869 2842 in
894 2770 1049 2870 spinam
1067 2770 1172 2858 abiit,

144 2879 203 2955 uti
228 2873 379 2982 reliquo
404 2878 516 2969 folia,
541 2881 615 2957 sub
640 2883 972 2990 nomiopositum.

147 3118 248 3207 121.
310 3119 509 3206 Petz'olus
544 3122 763 3235 spz‘nescz't,
811 3120 1053 3221 cirrhescit
1090 3131 1175 3208 aut

206 3255 261 3344 in
288 3273 465 3375 portem
481 3257 734 3372 solt'oceom
764 3269 997 3346 mutatur.
1070 3271 1072 3276 ’

241 3430 288 3502 In
314 3428 591 3526 Tragacanthis
617 3427 752 3530 petioli
770 3428 1000 3530 persistunt,
1019 3445 1171 3506 contra-

116 3597 120 3606 1
145 3541 307 3628 huntur,
330 3542 582 3621 indurantur.
596 3557 635 3617 et
659 3543 790 3642 spinos
817 3534 1070 3620 constituunt

242 3658 288 3757 ln
322 3657 601 3762 L‘eguminosis
634 3656 750 3732 variis
783 3657 955 3757 petiolus
985 3683 1097 3734 curn·
1114 3684 1174 3734 ra-

146 3767 267 3843 mulis
314 3770 537 3869 elongatur,
585 3785 874 3872 contorquetur
919 3783 957 3846 et
998 3770 1175 3846 cirrhum

148 3880 255 3958 sistit

247 3996 375 4074 Cirrhi
402 3997 450 4076 ad
477 3999 596 4078 latero
621 3999 866 4100 petiolorum
889 3998 932 4076 in
952 3996 1174 4074 Smilacinis
1267 4069 1272 4076 .

147 4127 381 4202 occurrunt,
407 4113 519 4214 qnasi
545 4111 682 4190 foliola
707 4113 749 4188 in
776 4114 953 4191 cirrhum
976 4125 1138 4189 mutato.
