2838 4874
452 350 820 431 oronoerol.
891 466 894 478 ¹
957 335 959 340 ’
1074 352 1146 427 aar

223 549 396 651 Huiusce
434 549 637 628 doctrinae
672 553 830 652 primus
862 548 994 629 ideam
1032 572 1148 650 expo·
1226 583 1229 592 ¹

7 699 8 708 ¹
127 664 206 742 suit
229 667 286 743 Al.
312 665 362 742 de
386 665 626 755 Humboldt,
644 665 858 769 *ipsamque
882 665 1118 741 instauravit

7 777 8 780 ’
223 781 363 877 Plagae
398 779 548 857 telluris
587 779 809 856 secundum
846 777 990 877 gradus
1020 776 1147 856 latitu-

127 891 232 968 dinis
265 907 304 970 et
333 893 610 993 longitudinis,
642 893 865 980 secundum
891 891 1149 970 elevationem

118 1025 245 1108 ‘supra
275 1033 401 1095 mare,
432 1021 520 1082 tum
552 1031 715 1108 quoque
747 1005 968 1082 secundum
992 1018 1150 1082 montes

8 1209 10 1224 Ι
126 1119 391 1208 includentes,
433 1121 636 1223 mariaque
674 1120 880 1218 cingentia,
919 1119 1151 1222 praesertim

126 1259 220 1311 vero
246 1232 468 1311 secundum
496 1234 610 1310 clima
633 1233 868 1312 indicandae
893 1247 993 1310 sunt

202 1349 346 1426 'Maria
388 1346 523 1430 minus
562 1347 699 1425 Floras
733 1345 996 1445 distinguunt,
1028 1373 1150 1449 quam
1189 1404 1192 1412 .

8 1553 9 1568 χ
125 1452 329 1538 montium
345 1465 499 1539 tractus.
535 1463 720 1562 Europae
738 1459 977 1536 australioris
995 1475 1033 1537 et
1046 1461 1150 1538 Afri-

127 1601 194 1652 cae
220 1574 391 1654 borealis
433 1574 573 1652 eadem
612 1575 744 1664 Flora,
777 1572 847 1650 sed
879 1573 984 1652 Atlas
1017 1576 1149 1653 subito

128 1689 297 1766 alienam
321 1688 462 1766 reddit
1225 1788 1227 1794 y

11 1791 13 1801 ’
222 1805 427 1906 Lapponia
460 1802 580 1880 habet
611 1804 758 1904 species
796 1805 870 1882 300
907 1804 1152 1907 phaneroga·

90 2011 92 2018 Α
124 1941 222 2005 mas,
251 1919 377 1994 Dania
410 1921 520 2006 1034,
550 1923 692 2015 Magna
714 1918 938 1995 vBrittannia
971 1931 1009 1995 et
1033 1923 1153 1996 Scan&

127 2029 282 2108 dinavia
309 2037 412 2110 lullo.
461 2033 681 2133 Imperium
705 2031 809 2109 istud
829 2032 1012 2131 gallicum
1034 2033 1152 2135 ephe·

125 2169 285 2220 merum
309 2146 552 2248 Napoleonis
577 2159 757 2247 tempore
781 2149 888 2223 3498.
936 2144 1075 2244 Plagae
1091 2146 1152 2222 in-

7 2251 9 2262 '
124 2260 358 2361 tertropicae
383 2285 467 2336 non
492 2273 640 2335 tantam
665 2259 767 2336 serre
783 2260 969 2352 videntur
985 2256 1151 2360 copiam.

9 2365 11 2375 ’
124 2377 185 2449 De
222 2374 485 2475 cryptogamis
521 2371 715 2471 judicium
752 2373 844 2449 ferri
888 2395 972 2448 non
1012 2387 1151 2474 potest,

126 2515 219 2565 cum
244 2503 305 2566 tot
329 2487 600 2585 fungillorum
617 2488 764 2589 species
789 2487 986 2586 neglectae
1011 2489 1097 2564 sint.
1148 2509 1151 2516 ’

219 2603 374 2682 Relatio
401 2600 679 2700 generum‘ad
710 2602 859 2703 species
893 2601 1023 2678 estin
1055 2607 1153 2704 Lap·
1255 2602 1260 2626 ⁸

7 2751 11 2790 a
63 2764 66 2769 ,
123 2699 467 2822 poniazlzss,
500 2719 542 2804 3,
575 2715 620 2790 in
650 2716 1072 2802 Daniazltw,
1107 2715 1153 2790 in

7 2871 10 2884 =
126 2829 326 2909 Gallia:
350 2833 458 2918 125,
482 2827 725 2906 familiarum
751 2827 802 2904 ad
826 2830 974 2930 species
995 2829 1039 2904 in
1054 2833 1153 2930 Lap-

7 2985 9 2998 ·
124 2943 246 3046 ponia
279 2947 466 3032 :1:9,
502 2943 631 3020 Dania
662 2967 713 3016 Ξ
745 2947 875 3033 1:18,
911 2944 953 3020 in
992 2943 1153 3022 Graecia
1293 3033 1296 3046 „

220 3169 500 3251 Umbelliferae
539 3170 582 3247 in
629 3172 808 3248 America
857 3169 1152 3273 septentrionali

106 3283 374 3362 ‘constituunt
409 3289 459 3384 ᾗ·
498 3285 686 3363 omnium
717 3285 955 3387 specierum,
987 3283 1030 3360 in
1063 3273 1153 3390 Gals

124 3398 176 3475 lia
212 3407 262 3493 {f
296 3399 341 3474 in
378 3399 511 3476 Daniass
535 3407 595 3500 ᾗ.
651 3400 873 3480 Rubiaeeae
904 3399 947 3474 in
972 3396 1152 3475 America

126 3511 378 3591 meridionali
403 3519 452 3613 ἧς
475 3513 518 3588 in
543 3512 657 3590 India
681 3523 740 3615 ᾗ.

119 3681 120 3684 κ
225 3625 455 3703 Secundum
480 3626 632 3729 plantas
657 3627 778 3704 ceritas
802 3627 985 3728 regiones
1016 3625 1154 3702 distin-

125 3739 181 3815 xit
218 3737 316 3815 olim
339 3745 502 3840 Young,
540 3766 571 3818 e.
596 3766 630 3842 g.
661 3743 868 3842 regionem
902 3740 1151 3828 olivetorum,

128 3859 246 3940 Zeae,
270 3853 370 3930 Vitis
396 3870 464 3933 etc.

222 3967 390 4071 Reliqua
435 3968 525 4045 vide
570 3970 613 4046 in
659 3971 861 4050 Schouwii
887 3969 1001 4078 libro
1035 3981 1153 4072 supra

127 4079 298 4160 laudato.
