2836 4878
176 467 178 474 ,
281 382 357 462 396
580 375 973 462 „vaenalem
1110 407 1142 514 μ’

284 580 424 680 chyma
453 591 608 658 tantum
641 603 852 658 exsuccum-
882 580 1045 659 evadere
1070 591 1108 660 et
1131 581 1227 660 inde
1252 581 1306 660 al·

282 695 450 772 bescere.
499 693 578 772 Cir.
602 692 823 770 Dutroclret
847 695 988 794 (Mem.
1015 693 1052 772 d.
1074 703 1175 775 Mus.
1201 702 1247 773 Τ.
1270 697 1304 774 7.

282 827 319 912 p.
351 813 432 887 ³93.
462 808 580 909 sqq.).
638 799 876 902 Quomodo
895 810 1185 888 incrementum
1214 810 1304 886 abs·

284 948 362 1025 que
393 919 708 1022 metamorphosi
738 917 806 996 liat
838 946 921 997 non
953 923 1042 999 satis
1072 937 1192 1024 patet,
1217 948 1302 1001 non

284 1038 391 1114 enlm
428 1033 639 1112 adfirmare
669 1030 817 1122 audeo,
858 1059 958 1112 num
990 1061 1120 1114 norae
1141 1037 1303 1114 cellulae

281 1152 386 1227 inter
433 1146 601 1234 adultas,
650 1171 832 1252 novaque
880 1175 969 1226 vasa
1009 1151 1125 1229 inter'
1150 1149 1302 1252 reliqua

283 1275 529 1348 enascantur,
561 1284 610 1336 an
643 1261 804 1342 cellulae
817 1285 821 1298 ·
834 1288 1002 1364 vasaque
1034 1277 1189 1340 tantum
1219 1289 1303 1341 ma·

282 1375 488 1479 gnitudine
512 1375 730 1454 increscant
754 1391 792 1453 et
816 1377 1040 1454 extensione
1064 1392 1216 1481 partem
1234 1401 1304 1454 au·

282 1506 405 1593 geant
455 1488 628 1568 Cellulae
652 1492 777 1566 variae
794 1491 1076 1589 magnitudinis
1093 1492 1301 1568 observan-

280 1622 361 1696 tur,
387 1627 553 1708 vasaque
577 1605 759 1682 tenuiora
782 1605 885 1680 inter
908 1605 1109 1706 ampliora.
1156 1609 1212 1690 At¹
1225 1604 1301 1682 dit-
1399 1633 1400 1686 t

281 1721 455 1800 ficillime
495 1719 717 1808 extricetur,
754 1742 804 1794 an
840 1719 936 1795 haec
975 1732 1013 1796 et
1048 1717 1138 1796 illae
1174 1719 1302 1820 prima

282 1851 403 1914 aetate
427 1831 585 1933 jamjam
612 1832 833 1909 adfuerunt

376 1953 434 2026 Ex
457 1948 520 2036 iis,
547 1971 648 2049 quae
674 1946 725 2023 de
749 1943 908 2046 cryptis,
933 1942 1128 2044 glandulis
1153 1957 1191 2020 et
1216 1943 1301 2020 aliis
1400 1959 1401 1972 ³

279 2061 512 2161 hujusmodi
545 2059 702 2158 organis
733 2055 885 2136 dictum
910 2072 982 2147 est,
1014 2058 1153 2161 liquet,
1177 2081 1303 2134 secre-

279 2179 434 2255 tionem
458 2174 544 2251 fieri
569 2174 612 2248 in
637 2171 786 2250 cellulis
811 2185 849 2248 et
872 2198 944 2273 per
967 2171 1080 2274 ipsas.
1117 2171 1302 2250 Exsuda-

280 2291 390 2368 tione
427 2313 449 2366 e
474 2285 611 2364 cellula
635 2287 679 2376 in
705 2286 881 2374 alteram,
905 2309 1042 2384 evase
1066 2287 1108 2362 in
1133 2286 1300 2361 alterum

282 2418 320 2480 et
355 2402 450 2479 hinc
480 2400 589 2476 vario
621 2400 960 2476 membranarum.
980 2411 1080 2476 tono
1119 2400 1301 2478 remetio-

280 2535 374 2592 nem
405 2511 541 2616 perfici
571 2533 655 2588 non
687 2511 964 2602 dubitaverim,
987 2511 1060 2590 sed
1084 2511 1301 2590 accuratius

279 2653 366 2706 rem
389 2626 544 2704 tradere
567 2649 652 2702 non
676 2628 798 2705 valeo.

373 2733 555 2820 Excretio
585 2739 713 2816 rarior
745 2740 874 2818 estin
905 2741 1063 2843 plantis,
1092 2739 1169 2817 nisi
1205 2738 1301 2815 velis

280 2857 538 2934 secretionem
561 2855 604 2932 in
628 2853 835 2955 superficie
859 2852 1015 2941 iactam,
1041 2856 1120 2931 huc
1143 2851 1300 2930 referre.

200 2993 205 2998 ·
282 2972 360 3050 Sed
384 2995 517 3048 revera
546 2983 639 3046 sunt
663 2970 913 3057 secretiores,
950 2989 1043 3044 nam
1067 2969 1112 3044 in
1136 2966 1300 3068 quibus·

281 3086 373 3163 dam
389 3099 543 3163 tantum
560 3084 764 3185 speciebus
778 3098 819 3160 et
841 3084 1050 3182 generibus
1075 3093 1300 3167 occurrune

174 3271 181 3283 ,
278 3211 326 3274 ut
346 3198 389 3274 in
413 3221 536 3296 regno
555 3196 712 3274 animali
730 3197 906 3274 accidere
921 3198 1029 3286 solet,
1054 3221 1147 3273 cum
1172 3217 1300 3272 excre-

242 3411 246 3418 1
278 3311 407 3387 tiones
444 3313 486 3386 in
524 3306 668 3387 eodem
707 3330 831 3409 regno
870 3303 1063 3388 omnibus
1093 3309 1299 3412 speciebus

278 3425 400 3502 totius
425 3421 554 3499 classis
579 3443 814 3500 communes
838 3425 924 3500 sint

280 3567 286 3574 ·
376 3535 644 3613 Secretionem
674 3537 857 3612 humoris
882 3538 925 3612 in
953 3535 1151 3615 radicibus
1179 3533 1299 3614 celeb.

277 3655 525 3748 Brugmanns
558 3649 608 3724 ad
642 3651 904 3726 excretionem
934 3651 1054 3727 refert
1085 3652 1208 3747 (niss.
1246 3649 1298 3726 dc

278 3763 392 3842 bolio
424 3759 681 3864 ejusdemque
712 3765 815 3840 varia
847 3765 983 3865 specie.
1022 3771 1062 3841 L.
1092 3769 1133 3842 B.
1159 3763 1299 3860 lasa),

279 3889 316 3953 et
338 3877 441 3954 banc
466 3875 519 3952 ob
545 3900 704 3953 causam
727 3877 877 3979 plantas
900 3878 952 3952 in*
968 3879 1131 3956 aliarum
1156 3878 1299 3956 vicinia

278 4012 393 4092 saepe
434 4013 518 4066 non
560 4012 732 4070 crescere
762 4006 957 4069 autumat
1022 3995 1297 4070 Excretionem

278 4103 363 4182 steri
388 4102 686 4206 per-glandulas
703 4121 910 4196 -cutaneas,
940 4121 979 4184 et
1003 4133 1123 4210 quam
1147 4107 1298 4184 indica-
