2852 4872
408 369 909 484 ιιιιιιιιιιιιιιιιιιΙ
1075 389 1188 524 ,ιιι

133 593 233 683 139.
279 599 500 713 Papillae
541 621 630 684 seu
676 595 882 712 papulae
904 603 1022 702 sunt
1062 593 1155 682 cel

22 745 26 750 “
193 733 322 824 lulae
353 715 761 853 parenchymatis
791 745 941 860 supra
964 729 1156 849 epider

192 875 384 965 midem
419 857 647 964 elevatae.
741 895 747 902 ·

177 1048 261 1122 A
287 1045 482 1144 glandulis
509 1045 708 1132 differunt,
726 1027 848 1144 quod
871 1057 998 1120 totam
1022 1047 1180 1144 super?

129 1153 264 1235 ficiem
289 1176 434 1260 tegant,
461 1175 528 1236 aut
551 1159 880 1258 irregulariterin
902 1159 985 1260 ipsa
1004 1178 1158 1234 coacer-

129 1287 241 1350 vatae
273 1275 364 1362 sint,
397 1274 572 1372 singulae
592 1274 885 1375 prominentes.
937 1273 1158 1350 Glandulae

130 1402 314 1464 constant
351 1415 371 1469 e
410 1388 560 1464 cellulis
598 1402 702 1464 extra
740 1387 1031 1488 epidermidem
1073 1413 1158 1464 non

130 1497 340 1590 distinctis,
374 1505 475 1578 intra
499 1503 635 1604 ipsam
665 1503 708 1577 in
742 1501 919 1577 formam
950 1502 1157 1601 globosam

75 1655 78 1665 ·
130 1627 200 1690 aut
224 1617 510 1715 subglobosam
537 1614 779 1693 coacervatis.
863 1651 866 1658 ¹

190 1732 436 1808 Interdum
467 1745 594 1808 totam
626 1730 792 1804 herbam
825 1743 976 1828 tegunt,
1008 1731 1158 1822 cellulis

129 1843 312 1927 maximis
338 1870 456 1922 succo
474 1844 731 1942 turgentibus,
750 1845 929 1946 exemplo
948 1847 1157 1922 notissimo

129 1958 523 2034 Mesembrianthemi
549 1957 767 2054 crystallini.
823 1962 874 2036 Et
896 1961 939 2034 in
964 1960 1050 2036 aliis
1072 1984 1159 2034 sues

131 2069 298 2146 culentis
323 2095 446 2148 unam
472 2071 636 2147 aliamte
661 2086 815 2202 partem
836 2086 984 2170 tegunt.

229 2183 339 2259 Folia
370 2191 605 2287 Muscorum
638 2186 888 2286 saepissime
883 2186 1048 2296 papillis
1083 2188 1159 2264 mi·

131 2295 239 2371 nutis
271 2310 351 2372 tota
376 2314 542 2400 quanta
566 2299 728 2375 obtecta
751 2315 858 2413 sunt
886 2301 970 2376 sub
1014 2303 1160 2380 micro-

131 2409 272 2508 scopio
314 2415 541 2514 composito
573 2427 729 2490 tantum
763 2404 1015 2515 conspicuae,
1050 2417 1164 2508 unde

129 2523 241 2604 nitor
264 2526 481 2624 peculiaris
872 2585 874 2594 .
1086 2593 1089 2598 .
1156 2560 1158 2572 ¹

205 2638 360 2716 .Petala
390 2641 578 2724 omnium
608 2639 690 2718 fere
714 2641 938 2742 plantarum
962 2642 1069 2722 hisce
1092 2672 1160 2747 pa·

71 2758 74 2768 “
130 2700 236 2852 pillis
256 2752 409 2830 obtecta
426 2770 527 2844 sunt,
551 2755 660 2831 unde
680 2758 786 2832 nitor
810 2771 941 2854 gratus
962 2759 1159 2836 velutinus

130 2865 278 2940 harum
310 2867 493 2966 partium.
549 2868 679 2944 Petala
723 2869 1016 2968 Plantaginum,
1050 2898 1160 2973 quae

105 3003 106 3006 ’
130 2980 287 3081 papillis
306 2996 445 3070 carent
460 2983 614 3079 huncce
630 2983 805 3074 nitorem
821 3007 904 3058 non
924 2984 1147 3062 ostendunt.

229 3094 440 3177 Interdum
464 3096 557 3177 toea
590 3095 786 3198 quaedam
813 3096 985 3190 corollae
1008 3100 1160 3200 papillis

130 3211 365 3308 praesertim
398 3212 553 3288 obsitae
573 3225 680 3312 sunt,
706 3225 751 3294 ut
774 3235 913 3310 margo
939 3227 1161 3309 segmento·

130 3347 224 3402 rum
265 3323 488 3400 corollae
476 3350 519 3400 m
561 3325 803 3426 Compositis
841 3328 889 3404 ab
933 3328 1161 3430 auctoribus

130 3460 215 3512 non
241 3437 448 3515 indicatus.
781 3463 785 3470 '

184 3555 273 3627 ln
314 3554 561 3652 stigmatibus
597 3550 825 3653 frequentes
863 3568 972 3644 sunt,
1006 3569 1074 3635 aut
1103 3558 1167 3658 ip-'

87 3661 99 3673 ”
130 3635 221 3760 sum
263 3667 482 3769 aequaliter
518 3668 765 3766 obtegentes,
804 3680 872 3744 aut
907 3669 993 3746 in
984 3672 1105 3771 apice
1125 3683 1163 3745 et

101 3775 103 3778 ’
131 3780 309 3880 apicibus
346 3783 452 3858 varie
490 3780 766 3860 accumulatae.
802 3786 1006 3872 ⁴Succum
1039 3809 1161 3860 secer-

133 3908 237 3971 nunt
267 3899 485 3982 viscosum,
520 3908 558 3970 et
582 3894 685 3970 hanc
711 3897 765 3975 ob
790 3921 877 3972 rem
903 3896 953 3972 ad
980 3911 1162 3972 naturam
1252 3975 1254 3982 Α

109 4023 110 4026 ‘
134 4005 422 4102 glandularum
441 4007 642 4086 accedunt

135 4167 155 4186 ..
229 4121 403 4224 Papulae
426 4121 597 4221 majores
622 4113 818 4213 dicuntur,
844 4141 954 4226 quac
963 4122 1064 4203 ultra
1085 4065 1160 4202 cel
