2836 4878
570 399 730 498 etos
780 395 784 401 ·
1088 395 1164 501 ara
1186 502 1203 508 Η

233 595 507 698 Multiplicatio
559 597 799 676 cor-ollarum
850 607 889 669 et
928 593 1163 696 petalorum,

136 735 210 786 nec
243 737 328 787 non
360 712 529 788 mutatio
563 712 778 786 staminum
811 708 851 784 in
882 709 1008 809 petala
1044 707 1163 784 inter·

130 824 238 904 'dum
276 825 460 928 quidem,
501 824 571 900 sed
604 826 730 900 rarius
763 824 913 924 absque
941 819 1164 898 adlectione

133 939 270 1040 pistilli
296 939 563 1041 germinisque
588 937 676 1015 fieri
701 937 817 1025 solet,
848 952 944 1014 tunc
967 933 1164 1033 ejusmodi

134 1050 257 1128 flores
282 1053 564 1154 multiplicatos
590 1051 688 1138 dixi,
712 1050 778 1127 cfr.
806 1055 888 1126 165.

234 1167 436 1244 Levissimi
469 1166 602 1269 pistilli
637 1164 806 1240 adfectio
833 1189 878 1242 ea
905 1178 978 1250 est,
1004 1187 1082 1264 qua
1106 1164 1165 1265 pi·

134 1280 288 1370 stillum
313 1281 442 1358 sterile
466 1279 527 1368 fit,
559 1303 632 1355 nec
657 1303 819 1378 germen
844 1279 887 1353 in
911 1277 1086 1354 fructum
1105 1301 1166 1354 ex-

134 1394 320 1494 plicatur,
347 1418 377 1469 e.
403 1416 436 1492 g.
461 1395 608 1468 Datura
634 1390 824 1480 fastuosa,
857 1397 1031 1493 Papaver
1059 1418 1166 1468 som-

135 1505 328 1596 mserum,
360 1509 477 1584 Rosa.
536 1504 613 1584 Csr.
645 1511 761 1604 Ja'ger
791 1507 945 1604 (Ueber
970 1506 1036 1582 die
1058 1505 1167 1584 Miss-

134 1621 314 1722 hildung.
339 1649 376 1723 p.
403 1623 484 1697 114.
510 1620 609 1717 131.)
636 1620 705 1721 qui
724 1619 865 1696 dehac
882 1618 1165 1721 anamorphosi

136 1736 290 1836 optime
313 1735 497 1811 tractavit
545 1733 754 1810 Interdum
780 1734 896 1810 ovula
921 1735 963 1808 in
988 1735 1167 1832 germine

138 1847 285 1924 desunt
309 1848 384 1944 (ib.
411 1847 592 1944 117.),.e.
618 1871 652 1946 g.
675 1847 843 1922 Nerium
869 1846 1078 1924 Oleander.

235 1966 282 2037 ln
308 1962 391 2038 aliis
415 1961 609 2063 pistillum
632 1959 753 2061 plane¹
775 1960 941 2049 evanuit,
966 1974 1034 2036 aut
1056 1960 1167 2037 rudi·

135 2089 271 2152 menta
295 2091 451 2152 tantum
482 2086 708 2177 supersunt,
739 2072 889 2149 corolla
919 2074 1033 2152 valde
1064 2075 1168 2152 mul-

136 2189 310 2290 tiplicata
345 2205 402 2266 est
435 2203 472 2266 et
503 2189 534 2266 si
567 2186 822 2288 monopetala
846 2184 981 2276 fuerit,
1007 2189 1168 2267 interio-

113 2334 116 2345 Ι
135 2329 200 2380 res
217 2305 260 2378 in
277 2303 434 2380 lacinias
451 2300 671 2404 profundas
691 2301 878 2377 dissectae
897 2303 1168 2402 reperiuntur;

137 2440 321 2496 necnon
346 2417 545 2522 filxamenta
571 2418 613 2492 in
640 2414 834 2514 ejusmodi
863 2414 1020 2492 lacinias
1044 2417 1168 2494 trans-¹

136 2535 238 2621 iere,
280 2558 310 2608 e.
342 2556 376 2631 g.
410 2531 652 2633 Campamda
685 2544 754 2606 etc.
812 2529 948 2628 (liger
981 2558 1019 2632 p.
1052 2531 1168 2627 lut),

138 2646 252 2749 quod
283 2671 378 2722 vero
410 2669 497 2721 non
528 2669 685 2745 semper
717 2642 865 2718 accidit
916 2648 1041 2746 Saepe
1066 2670 1167 2746 quo·

139 2787 220 2864 que
262 2785 366 2836 nova
409 2757 627 2846 filamenta,
666 2757 899 2858 horumque
939 2757 1167 2836 rudimenta

140 2889 273 2952 exorta
299 2887 401 2949 sunt.

238 2991 398 3066 Corona
423 2985 699 3063 Narcissorum
724 2998 792 3062 aut
821 2985 1077 3087 multiplicata
1112 3001 1168 3062 est

53 3179 56 3186 ,
138 3104 254 3180 novis
289 3101 448 3178 coronis
480 3101 646 3188 exortis·
664 3114 731 3176 aut
754 3099 797 3175 in
821 3098 979 3179 lacinias
1005 3099 1168 3178 dissecta

136 3216 275 3294 multis
308 3215 421 3291 novis
452 3214 602 3291 laciniis
636 3215 777 3290 exortis
802 3215 909 3289 intus
935 3228 1046 3292 aucta
1073 3240 1168 3307 con-

137 3331 317 3434 spicitur,
352 3343 420 3404 aut
450 3328 612 3430 repetita
645 3329 765 3416 series
798 3328 1031 3406 laciniarum
1064 3329 1168 3431 peri-

138 3446 247 3546 gonii
276 3469 369 3519 cum
396 3466 545 3518 corona
571 3443 710 3542 (dilger
733 3469 770 3542 p.
797 3442 912 3542 tas).
960 3446 994 3520 E
1020 3441 1166 3543 quibus

140 3558 366 3654 conficitur,
401 3555 593 3636 corollam
626 3555 681 3630 sic
714 3554 860 3634 dictam
892 3582 964 3635 seu
997 3555 1168 3654 calycem

137 3674 415 3750 Narcissorum
447 3695 520 3746 nec
557 3693 698 3744 verum
740 3695 824 3748 esse
865 3673 1051 3770 calycem,
1093 3694 1167 3745 nec

141 3811 332 3864 coronam
357 3809 491 3862 veram
516 3807 599 3859 esse
624 3784 827 3873 corollam,
852 3785 922 3860 sed
946 3785 1049 3861 inter
1064 3783 1166 3858 hanc

141 3917 180 3978 et
202 3899 489 4003 paracorollam
514 3898 759 3974 intermedia.

196 4044 203 4050 ·
235 4017 284 4094 In
330 4011 658 4099 Ranunculaceis,
705 4037 751 4086 e..
778 4036 829 4118 g...
849 4016 895 4090 R.
933 4011 1090 4090 asiatico
1130 4026 1168 4087 et

139 4137 349 4207 Anemone
380 4126 576 4213 hortensi,
608 4148 723 4226 saepe
759 4122 936 4224 germina
967 4127 1008 4203 in
1040 4127 1166 4230 petala
