<?xml version="1.0" encoding="UTF-8"?>
<!DOCTYPE html PUBLIC "-//W3C//DTD XHTML 1.0 Transitional//EN"
    "http://www.w3.org/TR/xhtml1/DTD/xhtml1-transitional.dtd">
<html xmlns="http://www.w3.org/1999/xhtml" xml:lang="en" lang="en">
 <head>
  <title>
</title>
<meta http-equiv="Content-Type" content="text/html;charset=utf-8" />
  <meta name='ocr-system' content='tesseract 3.04.00' />
  <meta name='ocr-capabilities' content='ocr_page ocr_carea ocr_par ocr_line ocrx_word'/>
</head>
<body>
  <div class='ocr_page' id='page_1' title='image "./elementaphiloso00linkgoog_0261.png"; bbox 0 0 2852 4872; ppageno 0'>
   <div class='ocr_carea' id='block_1_1' title="bbox 237 313 872 476">
    <p class='ocr_par' dir='ltr' id='par_1_1' title="bbox 237 313 872 476">
     <span class='ocr_line' id='line_1_1' title="bbox 237 313 872 476; baseline -0.002 -44"><span class='ocrx_word' id='word_1_1' title='bbox 237 471 240 476; x_wconf 14' lang='grc' dir='ltr'>Ι</span> <span class='ocrx_word' id='word_1_2' title='bbox 274 313 370 432; x_wconf 74' lang='lat' dir='ltr'>aar</span> <span class='ocrx_word' id='word_1_3' title='bbox 707 357 872 434; x_wconf 74' lang='lat' dir='ltr'>reos.</span> 
     </span>
    </p>
   </div>
   <div class='ocr_carea' id='block_1_2' title="bbox 274 552 1305 2030">
    <p class='ocr_par' dir='ltr' id='par_1_2' title="bbox 274 552 1305 1571">
     <span class='ocr_line' id='line_1_2' title="bbox 319 552 1303 655; baseline -0.003 -22"><span class='ocrx_word' id='word_1_4' title='bbox 319 605 323 622; x_wconf 79' lang='lat'><em>·</em></span> <span class='ocrx_word' id='word_1_5' title='bbox 372 555 638 634; x_wconf 78' lang='lat' dir='ltr'>Peduneutus·</span> <span class='ocrx_word' id='word_1_6' title='bbox 660 552 827 632; x_wconf 69' lang='lat' dir='ltr'>ercurrit</span> <span class='ocrx_word' id='word_1_7' title='bbox 858 554 1030 631; x_wconf 68' lang='lat' dir='ltr'>floribusv</span> <span class='ocrx_word' id='word_1_8' title='bbox 1050 553 1303 655; x_wconf 88' lang='lat' dir='ltr'>pedicellatis‚</span> 
     </span>
     <span class='ocr_line' id='line_1_3' title="bbox 276 667 1199 772; baseline -0.001 -26"><span class='ocrx_word' id='word_1_9' title='bbox 276 672 550 771; x_wconf 84' lang='lat' dir='ltr'>superioribus</span> <span class='ocrx_word' id='word_1_10' title='bbox 575 695 660 747; x_wconf 86' lang='lat' dir='ltr'>nott</span> <span class='ocrx_word' id='word_1_11' title='bbox 685 670 900 746; x_wconf 87' lang='lat' dir='ltr'>altioribus.</span> <span class='ocrx_word' id='word_1_12' title='bbox 954 667 1199 772; x_wconf 70' lang='lat' dir='ltr'>Corymbus·</span> 
     </span>
     <span class='ocr_line' id='line_1_4' title="bbox 286 774 1304 893; baseline -0.002 -31"><span class='ocrx_word' id='word_1_13' title='bbox 286 818 289 826; x_wconf 94' lang='lat'><em>·</em></span> <span class='ocrx_word' id='word_1_14' title='bbox 372 785 628 861; x_wconf 87' lang='lat' dir='ltr'>Pedunculus</span> <span class='ocrx_word' id='word_1_15' title='bbox 676 774 784 884; x_wconf 83' lang='lat' dir='ltr'><strong>apice</strong></span> <span class='ocrx_word' id='word_1_16' title='bbox 814 785 874 893; x_wconf 22' lang='lat'>¹5¹¹-</span> <span class='ocrx_word' id='word_1_17' title='bbox 914 785 1047 885; x_wconf 85' lang='lat' dir='ltr'>plures</span> <span class='ocrx_word' id='word_1_18' title='bbox 1087 783 1304 884; x_wconf 85' lang='lat' dir='ltr'>pedicellos</span> 
     </span>
     <span class='ocr_line' id='line_1_5' title="bbox 275 897 1303 1000; baseline -0.003 -24"><span class='ocrx_word' id='word_1_19' title='bbox 275 899 451 1000; x_wconf 83' lang='lat' dir='ltr'>partitur,</span> <span class='ocrx_word' id='word_1_20' title='bbox 505 898 685 977; x_wconf 82' lang='lat' dir='ltr'><em>Umbella.</em></span> <span class='ocrx_word' id='word_1_21' title='bbox 722 898 777 973; x_wconf 73' lang='lat' dir='ltr'>‘Si</span> <span class='ocrx_word' id='word_1_22' title='bbox 804 897 1020 1000; x_wconf 89' lang='lat' dir='ltr'>pedicellus</span> <span class='ocrx_word' id='word_1_23' title='bbox 1046 897 1229 995; x_wconf 88' lang='lat' dir='ltr'>(radius)</span> <span class='ocrx_word' id='word_1_24' title='bbox 1253 899 1303 973; x_wconf 83' lang='lat' dir='ltr'>si-</span> 
     </span>
     <span class='ocr_line' id='line_1_6' title="bbox 275 1010 1305 1114; baseline -0.001 -25"><span class='ocrx_word' id='word_1_25' title='bbox 275 1014 361 1089; x_wconf 86' lang='lat' dir='ltr'><strong>mili</strong></span> <span class='ocrx_word' id='word_1_26' title='bbox 386 1013 597 1114; x_wconf 78' lang='lat' dir='ltr'>partitione</span> <span class='ocrx_word' id='word_1_27' title='bbox 621 1010 875 1114; x_wconf 89' lang='lat' dir='ltr'>pedunculus</span> <span class='ocrx_word' id='word_1_28' title='bbox 900 1013 954 1101; x_wconf 89' lang='lat' dir='ltr'>fit,</span> <span class='ocrx_word' id='word_1_29' title='bbox 979 1011 1155 1089; x_wconf 83' lang='lat' dir='ltr'>umbella</span> <span class='ocrx_word' id='word_1_30' title='bbox 1176 1013 1305 1088; x_wconf 84' lang='lat' dir='ltr'>oritur</span> 
     </span>
     <span class='ocr_line' id='line_1_7' title="bbox 276 1125 1304 1229; baseline -0.001 -27"><span class='ocrx_word' id='word_1_31' title='bbox 276 1129 506 1228; x_wconf 85' lang='lat' dir='ltr'>composita.</span> <span class='ocrx_word' id='word_1_32' title='bbox 579 1125 786 1203; x_wconf 78' lang='lat' dir='ltr'><strong>Interdum</strong></span> <span class='ocrx_word' id='word_1_33' title='bbox 832 1127 1083 1229; x_wconf 85' lang='lat' dir='ltr'>pedunculus</span> <span class='ocrx_word' id='word_1_34' title='bbox 1124 1127 1304 1204; x_wconf 84' lang='lat' dir='ltr'>brevissi-</span> 
     </span>
     <span class='ocr_line' id='line_1_8' title="bbox 274 1240 1128 1329; baseline 0 -13"><span class='ocrx_word' id='word_1_35' title='bbox 274 1265 368 1318; x_wconf 91' lang='lat' dir='ltr'>mus</span> <span class='ocrx_word' id='word_1_36' title='bbox 393 1255 465 1329; x_wconf 88' lang='lat' dir='ltr'>est,</span> <span class='ocrx_word' id='word_1_37' title='bbox 490 1255 579 1316; x_wconf 90' lang='lat' dir='ltr'>tum</span> <span class='ocrx_word' id='word_1_38' title='bbox 606 1240 750 1316; x_wconf 88' lang='lat' dir='ltr'>dicitur</span> <span class='ocrx_word' id='word_1_39' title='bbox 774 1241 949 1318; x_wconf 88' lang='lat' dir='ltr'>umbella</span> <span class='ocrx_word' id='word_1_40' title='bbox 976 1242 1128 1317; x_wconf 82' lang='lat' dir='ltr'>sessilis.</span> 
     </span>
     <span class='ocr_line' id='line_1_9' title="bbox 289 1354 1303 1458; baseline -0.001 -26"><span class='ocrx_word' id='word_1_41' title='bbox 289 1399 293 1406; x_wconf 94' lang='lat'>·</span> <span class='ocrx_word' id='word_1_42' title='bbox 372 1354 626 1432; x_wconf 88' lang='lat' dir='ltr'>Pedunculus</span> <span class='ocrx_word' id='word_1_43' title='bbox 660 1357 769 1456; x_wconf 83' lang='lat' dir='ltr'>apice</span> <span class='ocrx_word' id='word_1_44' title='bbox 800 1358 933 1458; x_wconf 89' lang='lat' dir='ltr'>plures</span> <span class='ocrx_word' id='word_1_45' title='bbox 957 1357 1057 1454; x_wconf 79' lang='lat' dir='ltr'>gerit</span> <span class='ocrx_word' id='word_1_46' title='bbox 1080 1355 1200 1433; x_wconf 87' lang='lat' dir='ltr'>flores</span> <span class='ocrx_word' id='word_1_47' title='bbox 1225 1380 1303 1432; x_wconf 86' lang='lat' dir='ltr'>ses-</span> 
     </span>
     <span class='ocr_line' id='line_1_10' title="bbox 275 1467 880 1571; baseline 0.003 -27"><span class='ocrx_word' id='word_1_48' title='bbox 275 1467 365 1545; x_wconf 85' lang='lat' dir='ltr'>siles</span> <span class='ocrx_word' id='word_1_49' title='bbox 391 1467 600 1546; x_wconf 87' lang='lat' dir='ltr'>consertos.</span> <span class='ocrx_word' id='word_1_50' title='bbox 653 1472 880 1571; x_wconf 79' lang='lat' dir='ltr'><em>Capitulum.</em></span> 
     </span>
    </p>

    <p class='ocr_par' dir='ltr' id='par_1_3' title="bbox 274 1583 1303 2030">
     <span class='ocr_line' id='line_1_11' title="bbox 373 1583 1303 1686; baseline 0 -26"><span class='ocrx_word' id='word_1_51' title='bbox 373 1587 526 1660; x_wconf 86' lang='lat' dir='ltr'>Omnes</span> <span class='ocrx_word' id='word_1_52' title='bbox 551 1585 624 1660; x_wconf 92' lang='lat' dir='ltr'>hae</span> <span class='ocrx_word' id='word_1_53' title='bbox 641 1583 957 1660; x_wconf 83' lang='lat' dir='ltr'>inssorescentiae</span> <span class='ocrx_word' id='word_1_54' title='bbox 974 1584 1214 1686; x_wconf 88' lang='lat' dir='ltr'>plerumque</span> <span class='ocrx_word' id='word_1_55' title='bbox 1229 1583 1303 1660; x_wconf 92' lang='lat' dir='ltr'>ho-</span> 
     </span>
     <span class='ocr_line' id='line_1_12' title="bbox 274 1698 1303 1797; baseline -0.006 -17"><span class='ocrx_word' id='word_1_56' title='bbox 274 1721 493 1797; x_wconf 85' lang='lat' dir='ltr'>mogeneae</span> <span class='ocrx_word' id='word_1_57' title='bbox 519 1713 619 1787; x_wconf 89' lang='lat' dir='ltr'>sunt,</span> <span class='ocrx_word' id='word_1_58' title='bbox 637 1699 806 1776; x_wconf 87' lang='lat' dir='ltr'>floribus</span> <span class='ocrx_word' id='word_1_59' title='bbox 823 1699 968 1774; x_wconf 89' lang='lat' dir='ltr'>scilicet</span> <span class='ocrx_word' id='word_1_60' title='bbox 984 1698 1242 1776; x_wconf 82' lang='lat' dir='ltr'>inseri0·ibus</span> <span class='ocrx_word' id='word_1_61' title='bbox 1259 1698 1303 1774; x_wconf 87' lang='lat' dir='ltr'>in</span> 
     </span>
     <span class='ocr_line' id='line_1_13' title="bbox 276 1811 1303 1915; baseline -0.002 -27"><span class='ocrx_word' id='word_1_62' title='bbox 276 1811 422 1888; x_wconf 90' lang='lat' dir='ltr'>eodem</span> <span class='ocrx_word' id='word_1_63' title='bbox 458 1813 688 1914; x_wconf 89' lang='lat' dir='ltr'>pedunculo</span> <span class='ocrx_word' id='word_1_64' title='bbox 721 1837 883 1889; x_wconf 81' lang='lat' dir='ltr'>remove</span> <span class='ocrx_word' id='word_1_65' title='bbox 916 1815 1026 1915; x_wconf 87' lang='lat' dir='ltr'>prius</span> <span class='ocrx_word' id='word_1_66' title='bbox 1063 1812 1303 1892; x_wconf 83' lang='lat' dir='ltr'>florentibus</span> 
     </span>
     <span class='ocr_line' id='line_1_14' title="bbox 275 1927 1303 2030; baseline -0.001 -27"><span class='ocrx_word' id='word_1_67' title='bbox 275 1952 348 2004; x_wconf 83' lang='lat' dir='ltr'>seu</span> <span class='ocrx_word' id='word_1_68' title='bbox 377 1928 709 2028; x_wconf 88' lang='lat' dir='ltr'>praecoeioribus.</span> <span class='ocrx_word' id='word_1_69' title='bbox 775 1928 917 2005; x_wconf 84' lang='lat' dir='ltr'>Rarius</span> <span class='ocrx_word' id='word_1_70' title='bbox 950 1953 1043 2004; x_wconf 88' lang='lat' dir='ltr'>vero</span> <span class='ocrx_word' id='word_1_71' title='bbox 1078 1927 1303 2030; x_wconf 78' lang='lat' dir='ltr'>superiores</span> 
     </span>
    </p>
   </div>
   <div class='ocr_carea' id='block_1_3' title="bbox 274 2041 1424 2264">
    <p class='ocr_par' dir='ltr' id='par_1_4' title="bbox 274 2041 1424 2264">
     <span class='ocr_line' id='line_1_15' title="bbox 274 2041 1424 2141; baseline -0.004 -25"><span class='ocrx_word' id='word_1_72' title='bbox 274 2041 546 2141; x_wconf 89' lang='lat' dir='ltr'>praecociores</span> <span class='ocrx_word' id='word_1_73' title='bbox 579 2056 687 2131; x_wconf 90' lang='lat' dir='ltr'>sunt,</span> <span class='ocrx_word' id='word_1_74' title='bbox 719 2057 815 2117; x_wconf 90' lang='lat' dir='ltr'>tunc</span> <span class='ocrx_word' id='word_1_75' title='bbox 854 2042 1010 2118; x_wconf 89' lang='lat' dir='ltr'>nomini</span> <span class='ocrx_word' id='word_1_76' title='bbox 1049 2041 1303 2119; x_wconf 83' lang='lat' dir='ltr'>ittssorescen-</span> <span class='ocrx_word' id='word_1_77' title='bbox 1423 2123 1424 2134; x_wconf 10' lang='grc' dir='ltr'>χ</span> 
     </span>
     <span class='ocr_line' id='line_1_16' title="bbox 274 2154 1424 2264; baseline -0.003 -34"><span class='ocrx_word' id='word_1_78' title='bbox 274 2154 328 2231; x_wconf 89' lang='lat' dir='ltr'>tia</span> <span class='ocrx_word' id='word_1_79' title='bbox 353 2154 522 2234; x_wconf 81' lang='lat' dir='ltr'>addatur</span> <span class='ocrx_word' id='word_1_80' title='bbox 544 2183 621 2232; x_wconf 85' lang='lat' dir='ltr'>vox</span> <span class='ocrx_word' id='word_1_81' title='bbox 643 2159 803 2259; x_wconf 81' lang='lat' dir='ltr'>spurius,</span> <span class='ocrx_word' id='word_1_82' title='bbox 831 2181 861 2232; x_wconf 89' lang='lat' dir='ltr'>e.</span> <span class='ocrx_word' id='word_1_83' title='bbox 886 2179 919 2264; x_wconf 78' lang='lat' dir='ltr'>g.</span> <span class='ocrx_word' id='word_1_84' title='bbox 937 2181 1116 2232; x_wconf 90' lang='lat' dir='ltr'>racemus</span> <span class='ocrx_word' id='word_1_85' title='bbox 1133 2155 1303 2258; x_wconf 87' lang='lat' dir='ltr'>spurius,</span> <span class='ocrx_word' id='word_1_86' title='bbox 1423 2171 1424 2206; x_wconf 65' lang='lat' dir='ltr'>t</span> 
     </span>
    </p>
   </div>
   <div class='ocr_carea' id='block_1_4' title="bbox 274 2271 1302 2716">
    <p class='ocr_par' dir='ltr' id='par_1_5' title="bbox 275 2271 881 2372">
     <span class='ocr_line' id='line_1_17' title="bbox 275 2271 881 2372; baseline 0 -26"><span class='ocrx_word' id='word_1_87' title='bbox 275 2271 380 2372; x_wconf 86' lang='lat' dir='ltr'>spica</span> <span class='ocrx_word' id='word_1_88' title='bbox 407 2273 538 2372; x_wconf 89' lang='lat' dir='ltr'>spuria</span> <span class='ocrx_word' id='word_1_89' title='bbox 565 2286 633 2346; x_wconf 89' lang='lat' dir='ltr'>etc.</span> <span class='ocrx_word' id='word_1_90' title='bbox 660 2271 789 2370; x_wconf 72' lang='lat'>(148).</span> <span class='ocrx_word' id='word_1_91' title='bbox 877 2281 881 2289; x_wconf 84' lang='lat'>&#39;</span> 
     </span>
    </p>

    <p class='ocr_par' dir='ltr' id='par_1_6' title="bbox 274 2385 1302 2716">
     <span class='ocr_line' id='line_1_18' title="bbox 371 2385 1302 2482; baseline -0.005 -16"><span class='ocrx_word' id='word_1_92' title='bbox 371 2386 693 2466; x_wconf 85' lang='lat' dir='ltr'>Iniloreseentiae</span> <span class='ocrx_word' id='word_1_93' title='bbox 719 2385 1004 2482; x_wconf 81' lang='lat' dir='ltr'>heterogeneae</span> <span class='ocrx_word' id='word_1_94' title='bbox 1028 2399 1130 2464; x_wconf 82' lang='lat' dir='ltr'>sunt</span> <span class='ocrx_word' id='word_1_95' title='bbox 1178 2386 1302 2468; x_wconf 79' lang='lat' dir='ltr'>Puni·</span> 
     </span>
     <span class='ocr_line' id='line_1_19' title="bbox 274 2496 1302 2601; baseline -0.007 -21"><span class='ocrx_word' id='word_1_96' title='bbox 274 2503 378 2588; x_wconf 84' lang='lat' dir='ltr'>cula,</span> <span class='ocrx_word' id='word_1_97' title='bbox 403 2500 576 2601; x_wconf 89' lang='lat' dir='ltr'>prolepsi</span> <span class='ocrx_word' id='word_1_98' title='bbox 602 2496 799 2598; x_wconf 87' lang='lat' dir='ltr'>terminali</span> <span class='ocrx_word' id='word_1_99' title='bbox 828 2500 947 2596; x_wconf 81' lang='lat'>(150)</span> <span class='ocrx_word' id='word_1_100' title='bbox 973 2499 1094 2577; x_wconf 90' lang='lat' dir='ltr'>ramis</span> <span class='ocrx_word' id='word_1_101' title='bbox 1120 2498 1302 2576; x_wconf 84' lang='lat' dir='ltr'>ramulis-</span> 
     </span>
     <span class='ocr_line' id='line_1_20' title="bbox 275 2612 1300 2716; baseline -0.002 -26"><span class='ocrx_word' id='word_1_102' title='bbox 275 2639 354 2716; x_wconf 91' lang='lat' dir='ltr'>que</span> <span class='ocrx_word' id='word_1_103' title='bbox 389 2613 653 2711; x_wconf 80' lang='lat' dir='ltr'>longioribus3</span> <span class='ocrx_word' id='word_1_104' title='bbox 690 2615 856 2716; x_wconf 77' lang='lat' dir='ltr'>thyrsus,</span> <span class='ocrx_word' id='word_1_105' title='bbox 893 2613 1067 2715; x_wconf 90' lang='lat' dir='ltr'>prolepsi</span> <span class='ocrx_word' id='word_1_106' title='bbox 1093 2612 1300 2700; x_wconf 90' lang='lat' dir='ltr'>terminali,</span> 
     </span>
    </p>
   </div>
   <div class='ocr_carea' id='block_1_5' title="bbox 272 2727 1423 2943">
    <p class='ocr_par' dir='ltr' id='par_1_7' title="bbox 272 2727 1423 2943">
     <span class='ocr_line' id='line_1_21' title="bbox 273 2727 1423 2830; baseline 0.002 -28"><span class='ocrx_word' id='word_1_107' title='bbox 273 2727 394 2804; x_wconf 89' lang='lat' dir='ltr'>ramis</span> <span class='ocrx_word' id='word_1_108' title='bbox 418 2728 663 2829; x_wconf 87' lang='lat' dir='ltr'>ramulisque</span> <span class='ocrx_word' id='word_1_109' title='bbox 688 2727 946 2813; x_wconf 85' lang='lat' dir='ltr'>brevioribus,</span> <span class='ocrx_word' id='word_1_110' title='bbox 959 2730 1188 2828; x_wconf 65' lang='lat' dir='ltr'>samuelus,</span> <span class='ocrx_word' id='word_1_111' title='bbox 1208 2754 1300 2830; x_wconf 90' lang='lat' dir='ltr'>pro·</span> <span class='ocrx_word' id='word_1_112' title='bbox 1422 2763 1423 2812; x_wconf 75' lang='lat'>1</span> 
     </span>
     <span class='ocr_line' id='line_1_22' title="bbox 272 2841 1423 2943; baseline 0.001 -26"><span class='ocrx_word' id='word_1_113' title='bbox 272 2841 372 2943; x_wconf 85' lang='lat' dir='ltr'>lepsi</span> <span class='ocrx_word' id='word_1_114' title='bbox 397 2841 607 2932; x_wconf 86' lang='lat' dir='ltr'>terminali,</span> <span class='ocrx_word' id='word_1_115' title='bbox 638 2843 758 2918; x_wconf 91' lang='lat' dir='ltr'>ramis</span> <span class='ocrx_word' id='word_1_116' title='bbox 782 2842 1027 2942; x_wconf 88' lang='lat' dir='ltr'>ramulisque</span> <span class='ocrx_word' id='word_1_117' title='bbox 1051 2842 1299 2926; x_wconf 83' lang='lat' dir='ltr'>brevissimis.</span> <span class='ocrx_word' id='word_1_118' title='bbox 1422 2841 1423 2888; x_wconf 71' lang='lat'>³</span> 
     </span>
    </p>
   </div>
   <div class='ocr_carea' id='block_1_6' title="bbox 181 2949 1377 4202">
    <p class='ocr_par' dir='ltr' id='par_1_8' title="bbox 181 2949 1377 4202">
     <span class='ocr_line' id='line_1_23' title="bbox 277 2949 1298 3059; baseline 0 -27"><span class='ocrx_word' id='word_1_119' title='bbox 277 2955 401 3059; x_wconf 79' lang='lat' dir='ltr'>Cy&#39;r&#39;na</span> <span class='ocrx_word' id='word_1_120' title='bbox 437 2958 580 3047; x_wconf 85' lang='lat' dir='ltr'>oritur,</span> <span class='ocrx_word' id='word_1_121' title='bbox 618 2958 650 3034; x_wconf 88' lang='lat' dir='ltr'>si</span> <span class='ocrx_word' id='word_1_122' title='bbox 687 2957 843 3059; x_wconf 85' lang='lat' dir='ltr'>partitio</span> <span class='ocrx_word' id='word_1_123' title='bbox 877 2949 1093 3058; x_wconf 76' lang='lat' dir='ltr'>peduriculi</span> <span class='ocrx_word' id='word_1_124' title='bbox 1126 2955 1298 3058; x_wconf 87' lang='lat' dir='ltr'>prolepsi</span> 
     </span>
     <span class='ocr_line' id='line_1_24' title="bbox 181 3070 1300 3173; baseline -0.001 -26"><span class='ocrx_word' id='word_1_125' title='bbox 181 3086 183 3097; x_wconf 90' lang='lat'>&#39;</span> <span class='ocrx_word' id='word_1_126' title='bbox 218 3095 225 3110; x_wconf 71' lang='grc'><em>“</em></span> <span class='ocrx_word' id='word_1_127' title='bbox 274 3070 434 3147; x_wconf 86' lang='lat' dir='ltr'>centrali</span> <span class='ocrx_word' id='word_1_128' title='bbox 459 3071 514 3160; x_wconf 86' lang='lat' dir='ltr'>fit,</span> <span class='ocrx_word' id='word_1_129' title='bbox 540 3086 579 3148; x_wconf 90' lang='lat' dir='ltr'>et</span> <span class='ocrx_word' id='word_1_130' title='bbox 604 3073 769 3173; x_wconf 90' lang='lat' dir='ltr'>quidem</span> <span class='ocrx_word' id='word_1_131' title='bbox 795 3073 940 3158; x_wconf 87' lang='lat' dir='ltr'>statim,</span> <span class='ocrx_word' id='word_1_132' title='bbox 964 3071 1036 3146; x_wconf 92' lang='lat' dir='ltr'>ubi</span> <span class='ocrx_word' id='word_1_133' title='bbox 1061 3073 1161 3147; x_wconf 87' lang='lat' dir='ltr'>rami</span> <span class='ocrx_word' id='word_1_134' title='bbox 1188 3097 1210 3147; x_wconf 91' lang='lat' dir='ltr'>e</span> <span class='ocrx_word' id='word_1_135' title='bbox 1233 3095 1300 3173; x_wconf 88' lang='lat' dir='ltr'>pe·</span> 
     </span>
     <span class='ocr_line' id='line_1_25' title="bbox 193 3183 1300 3286; baseline 0.002 -27"><span class='ocrx_word' id='word_1_136' title='bbox 193 3209 196 3216; x_wconf 93' lang='lat'>·</span> <span class='ocrx_word' id='word_1_137' title='bbox 273 3183 452 3260; x_wconf 89' lang='lat' dir='ltr'>dunculo</span> <span class='ocrx_word' id='word_1_138' title='bbox 490 3185 693 3286; x_wconf 87' lang='lat' dir='ltr'>prodeunt</span> <span class='ocrx_word' id='word_1_139' title='bbox 729 3185 1078 3285; x_wconf 85' lang='lat' dir='ltr'>(Caryophylleae,</span> <span class='ocrx_word' id='word_1_140' title='bbox 1126 3184 1300 3263; x_wconf 82' lang='lat' dir='ltr'>stellaria</span> 
     </span>
     <span class='ocr_line' id='line_1_26' title="bbox 272 3298 1300 3400; baseline 0.003 -29"><span class='ocrx_word' id='word_1_141' title='bbox 272 3298 509 3395; x_wconf 81' lang='lat' dir='ltr'>graminea),</span> <span class='ocrx_word' id='word_1_142' title='bbox 536 3313 604 3374; x_wconf 87' lang='lat' dir='ltr'>aut</span> <span class='ocrx_word' id='word_1_143' title='bbox 629 3299 721 3375; x_wconf 89' lang='lat' dir='ltr'>dein</span> <span class='ocrx_word' id='word_1_144' title='bbox 747 3323 841 3374; x_wconf 90' lang='lat' dir='ltr'>cum</span> <span class='ocrx_word' id='word_1_145' title='bbox 866 3299 1109 3398; x_wconf 89' lang='lat' dir='ltr'>primi-rami</span> <span class='ocrx_word' id='word_1_146' title='bbox 1129 3321 1174 3373; x_wconf 81' lang='lat' dir='ltr'>ex</span> <span class='ocrx_word' id='word_1_147' title='bbox 1191 3301 1300 3400; x_wconf 89' lang='lat' dir='ltr'>apice</span> 
     </span>
     <span class='ocr_line' id='line_1_27' title="bbox 271 3403 1300 3513; baseline 0.002 -27"><span class='ocrx_word' id='word_1_148' title='bbox 271 3410 489 3513; x_wconf 89' lang='lat' dir='ltr'>pedunculi</span> <span class='ocrx_word' id='word_1_149' title='bbox 531 3411 711 3488; x_wconf 77' lang='lat' dir='ltr'>conferti¹</span> <span class='ocrx_word' id='word_1_150' title='bbox 743 3403 988 3488; x_wconf 85' lang='lat' dir='ltr'>emerserunt</span> <span class='ocrx_word' id='word_1_151' title='bbox 1021 3411 1300 3512; x_wconf 85' lang='lat' dir='ltr'>(Sambucus),</span> 
     </span>
     <span class='ocr_line' id='line_1_28' title="bbox 273 3521 1377 3630; baseline 0.004 -29"><span class='ocrx_word' id='word_1_152' title='bbox 273 3538 342 3601; x_wconf 87' lang='lat' dir='ltr'>aut</span> <span class='ocrx_word' id='word_1_153' title='bbox 365 3525 398 3600; x_wconf 88' lang='lat' dir='ltr'>si</span> <span class='ocrx_word' id='word_1_154' title='bbox 422 3525 580 3626; x_wconf 79' lang='lat' dir='ltr'>partitio</span> <span class='ocrx_word' id='word_1_155' title='bbox 606 3526 780 3627; x_wconf 86' lang='lat' dir='ltr'>prolepsi</span> <span class='ocrx_word' id='word_1_156' title='bbox 806 3525 993 3626; x_wconf 87' lang='lat' dir='ltr'>prolifera</span> <span class='ocrx_word' id='word_1_157' title='bbox 1018 3526 1063 3602; x_wconf 84' lang='lat' dir='ltr'>fit</span> <span class='ocrx_word' id='word_1_158' title='bbox 1094 3526 1300 3630; x_wconf 81' lang='lat' dir='ltr'>(Euphor-</span> <span class='ocrx_word' id='word_1_159' title='bbox 1374 3521 1377 3528; x_wconf 32' lang='lat'>¹</span> 
     </span>
     <span class='ocr_line' id='line_1_29' title="bbox 271 3637 1300 3744; baseline 0.002 -27"><span class='ocrx_word' id='word_1_160' title='bbox 271 3639 370 3738; x_wconf 87' lang='lat' dir='ltr'>bia).</span> <span class='ocrx_word' id='word_1_161' title='bbox 419 3640 594 3716; x_wconf 86' lang='lat' dir='ltr'>Primam</span> <span class='ocrx_word' id='word_1_162' title='bbox 618 3638 950 3716; x_wconf 85' lang='lat' dir='ltr'>infloreseentiam</span> <span class='ocrx_word' id='word_1_163' title='bbox 977 3637 1216 3744; x_wconf 80' lang='lat' dir='ltr'>particulam,</span> <span class='ocrx_word' id='word_1_164' title='bbox 1240 3642 1300 3719; x_wconf 46' lang='lat' dir='ltr'>&#39;al-</span> 
     </span>
     <span class='ocr_line' id='line_1_30' title="bbox 272 3752 1301 3851; baseline 0.002 -19"><span class='ocrx_word' id='word_1_165' title='bbox 272 3770 397 3832; x_wconf 82' lang='lat' dir='ltr'>teram</span> <span class='ocrx_word' id='word_1_166' title='bbox 435 3777 607 3851; x_wconf 88' lang='lat' dir='ltr'>cymam,</span> <span class='ocrx_word' id='word_1_167' title='bbox 652 3752 819 3830; x_wconf 81' lang='lat' dir='ltr'>tertiam·</span> <span class='ocrx_word' id='word_1_168' title='bbox 849 3757 1069 3834; x_wconf 86' lang='lat' dir='ltr'>umbellam</span> <span class='ocrx_word' id='word_1_169' title='bbox 1108 3771 1301 3836; x_wconf 80' lang='lat' dir='ltr'>vocarunt</span> 
     </span>
     <span class='ocr_line' id='line_1_31' title="bbox 271 3865 1299 3970; baseline 0.002 -24"><span class='ocrx_word' id='word_1_170' title='bbox 271 3867 466 3952; x_wconf 83' lang='lat' dir='ltr'>Botaniei3</span> <span class='ocrx_word' id='word_1_171' title='bbox 484 3881 666 3969; x_wconf 89' lang='lat' dir='ltr'>praestat</span> <span class='ocrx_word' id='word_1_172' title='bbox 695 3867 868 3970; x_wconf 90' lang='lat' dir='ltr'>primam</span> <span class='ocrx_word' id='word_1_173' title='bbox 906 3865 1060 3968; x_wconf 66' lang='lat' dir='ltr'>cimam</span> <span class='ocrx_word' id='word_1_174' title='bbox 1101 3873 1299 3950; x_wconf 81' lang='lat' dir='ltr'>centrisso·</span> 
     </span>
     <span class='ocr_line' id='line_1_32' title="bbox 270 3983 1222 4094; baseline 0.003 -36"><span class='ocrx_word' id='word_1_175' title='bbox 270 3989 375 4072; x_wconf 83' lang='lat' dir='ltr'>ram,</span> <span class='ocrx_word' id='word_1_176' title='bbox 399 3983 554 4059; x_wconf 79' lang='lat' dir='ltr'>tertiam</span> <span class='ocrx_word' id='word_1_177' title='bbox 581 4009 736 4094; x_wconf 77' lang='lat' dir='ltr'>eymam</span> <span class='ocrx_word' id='word_1_178' title='bbox 761 3983 992 4085; x_wconf 87' lang='lat' dir='ltr'>proliferam</span> <span class='ocrx_word' id='word_1_179' title='bbox 1018 3989 1222 4092; x_wconf 86' lang='lat' dir='ltr'>appellare.</span> 
     </span>
     <span class='ocr_line' id='line_1_33' title="bbox 369 4093 1299 4202; baseline 0.004 -28"><span class='ocrx_word' id='word_1_180' title='bbox 369 4099 506 4174; x_wconf 84' lang='lat' dir='ltr'>Flores</span> <span class='ocrx_word' id='word_1_181' title='bbox 530 4096 797 4202; x_wconf 86' lang='lat' dir='ltr'>pedunculive</span> <span class='ocrx_word' id='word_1_182' title='bbox 821 4093 879 4175; x_wconf 87' lang='lat' dir='ltr'>uti</span> <span class='ocrx_word' id='word_1_183' title='bbox 905 4103 1005 4177; x_wconf 91' lang='lat' dir='ltr'>rami</span> <span class='ocrx_word' id='word_1_184' title='bbox 1031 4117 1070 4179; x_wconf 90' lang='lat' dir='ltr'>et</span> <span class='ocrx_word' id='word_1_185' title='bbox 1094 4101 1190 4180; x_wconf 89' lang='lat' dir='ltr'>folia</span> <span class='ocrx_word' id='word_1_186' title='bbox 1207 4115 1299 4178; x_wconf 86' lang='lat' dir='ltr'>sunt</span> 
     </span>
    </p>
   </div>
   <div class='ocr_carea' id='block_1_7' title="bbox 0 0 1430 4872">
    <p class='ocr_par' dir='ltr' id='par_1_9' title="bbox 0 0 1430 4872">
     <span class='ocr_line' id='line_1_34' title="bbox 0 0 1430 4872; baseline 0 1"><span class='ocrx_word' id='word_1_187' title='bbox 0 0 1430 4872; x_wconf 95' lang='lat' dir='ltr'> </span> 
     </span>
    </p>
   </div>
  </div>
 </body>
</html>
