2840 4878
565 376 759 479 Rdmn
920 449 923 464 ,
1075 393 1174 466 “na

155 633 158 638 -
242 581 292 656 Iu
305 578 447 656 radice
472 576 606 672 adulta
631 595 670 656 et
693 578 881 656 crassiore
906 582 1061 672 corticis
1078 599 1172 664 stra·

146 704 234 798 tum
259 693 454 770 extimum
474 694 649 776 tenerius
674 692 741 782 fit,
764 691 924 772 fuscum
948 708 988 772 et
1010 698 1172 778 tandem

148 819 357 907 separatur.
403 809 592 886 Ceterum
628 807 842 910 e‘pidermis
866 808 908 884 in
926 809 1064 890 radice
1089 836 1173 890 non

149 920 330 1000 distincta
357 935 428 1009 est,
455 947 528 998 nec
554 923 714 1020 degluhi
739 936 878 1023 potest.
1013 945 1018 954 ’

247 1038 389 1112 Cortex
408 1050 482 1121 ‚aut
506 1037 672 1112 crassior
696 1035 989 1132 saligna-aut
1003 1039 1174 1119 tenuior.

148 1149 288 1227 Variae
314 1163 371 1224 est
394 1148 648 1234 substantiae,
681 1160 749 1222 aut
771 1173 968 1227 carnosus
992 1175 1064 1230 seu
1086 1159 1175 1232 'sut'-

150 1262 339 1352 culentus,
364 1277 444 1340 aut
454 1262 580 1338 durus
605 1275 724 1362 atque
748 1261 935 1370 lignosus,
962 1279 1028 1341 aut
1057 1268 1174 1344 sube-

148 1401 281 1463 rosus,
315 1391 384 1452 aut
412 1375 543 1474 amylo
570 1374 693 1504 dense
717 1376 887 1480 stipatus.
908 1391 947 1454 et
970 1378 1065 1455 inde
1090 1378 1176 1458 fere

148 1493 370 1588 grumosus

243 1604 529 1682 Radicularum
561 1618 599 1682 et
629 1605 774 1682 radicis
804 1607 922 1709 plane
953 1607 1094 1685 eadem
1118 1561 1178 1684 est

148 1730 353 1794 structura.
424 1723 527 1794 Sunt
574 1719 772 1796 radiculae
820 1721 986 1798 cortice
1007 1747 1174 1800 carnoso

151 1833 410 1916 crassissima,
435 1848 483 1908 ut
505 1833 549 1907 in
576 1833 767 1909 Strelitzia
791 1835 975 1932 Reginae.
1020 1871 1022 1878 v

166 1965 168 1976 '
224 1947 419 2044 Lignum
450 1946 594 2022 radicis
626 1948 873 2023 concentrice
907 1949 1053 2024 crescit.
1100 1952 1177 2028 lta-

152 2061 209 2137 dii
248 2075 429 2136 constant
459 2085 480 2137 e
505 2060 612 2136 ,vasis
629 2058 819 2148 fibrosis,
846 2074 913 2135 aut
936 2064 1176 2162 proseuchy-
1290 2077 1296 2093 '

150 2175 446 2276 mate,2quibus
470 2173 639 2249 immixti
666 2186 759 2250 sunt
782 2172 957 2251 fasciculi
989 2201 1177 2254 vasorum

151 2287 366 2391 spiralium.
414 2292 533 2366 Areas
549 2287 674 2389 replet
689 2288 987 2388 proseuchyma,
1012 2303 1080 2364 aut
1095 2315 1177 2368 sae-

151 2404 242 2506 pius
266 2402 539 2505 parenchyma.
588 2406 635 2477 ln
653 2399 885 2499 ,junioribus
907 2426 1018 2478 areae
1034 2429 1177 2505 parvae

153 2532 261 2604 sunt,
293 2517 336 2592 in
368 2516 718 2592 adultis.camosis
735 2539 843 2590 =vero
874 2516 1068 2593 maximae
1094 2539 1180 2595 esse

153 2632 297 2716 solent,
330 2643 376 2705 ut
399 2627 553 2726 lignum
578 2628 797 2704 medullam
822 2629 1053 2719 mentiatur,
1087 2655 1118 2708 e.
1143 2655 1178 2730 g.

152 2747 196 2822 in
220 2742 629 2820 radice.Goehleariae
652 2741 905 2821 Armoraciae
930 2741 1014 2839 (cfr.
1039 2745 1178 2841 Voigts
1258 2732 1261 2744 ’

153 2857 308 2942 Handb.
342 2855 379 2931 d.
410 2861 547 2934 Botan.
579 2883 616 2957 p.
648 2856 739 2951 25.)
801 2857 848 2930 In
880 2855 1049 2952 lignosis
1078 2855 1179 2944 radii

155 2971 317 3047 densius
349 2971 468 3071 positi
500 2982 600 3046 sunt.
658 2974 845 3069 Semper.
859 2993 954 3044 vero
990 2969 1051 3044 in.
1066 2968 1177 3046 adul·

153 3087 204 3162 tis
239 3084 340 3160 radii
377 3083 511 3186 plures
548 3083 750 3161 accedunt.
813 3085 940 3183 Saepe
969 3080 1081 3160 radii
1110 3080 1181 3160 llos

153 3199 269 3274 xuosi
299 3197 417 3287 fiunt,
459 3197 641 3299 quadan
664 3191 797 3273 radice
827 3195 949 3272 Arctii
979 3194 1186 3329 Bardanae

119 3353 121 3356 ·
153 3337 249 3389 non·
264 3337 353 3388 raro
380 3335 539 3390 cernere
563 3311 664 3388 licet
864 3319 867 3328 '
1047 3375 1051 3384 .

249 3425 387 3504 Radii
410 3449 456 3502 ex
490 3424 649 3522 ligno
638 3450 682 3502 m
721 3426 910 3506 corticem
947 3431 1064 3526 sae'pe
1078 3447 1183 3504 non

153 3541 380 3642 interrupti.
395 3553 607 3615 transeunt.
663 3542 710 3615 In
741 3539 867 3638 ligna.
887 3550 941 3614 et.
958 3536 1005 3614 iu
1021 3538 1180 3640 ¹'cortica
1246 3629 1248 3636 Ι
1322 3589 1325 3598 .

153 3655 255 3731 radii
280 3679 366 3734 non
389 3667 493 3729 reeta
520 3651 781 3740 descendunt,
812 3652 882 3729 sed
906 3651 957 3726 in
975 3655 1187 3748 segmenta

155 3767 434 3866 longitudinali
460 3792 563 3869 opus
588 3765 848 3844 reticulatum.
866 3761 1053 3842 efficiunt
1071 3771 1115 3840 ,1·
1155 3783 1186 3854 ἰς’

251 3881 428 3958 Medulla·
456 3905 622 3982 semper*
643 3897 664 3958 e
688 3878 992 3981 parenchymata
1017 3897 1183 3976 compo·

157 3995 228 4070 sita
266 4010 332 4071 est
389 3997 520 4072 'Intrat
554 3993 741 4070 medulla
767 3991 961 4078 radicem,
1002 3990 1037 4068 si
1072 3985 1190 4069 emto

157 4115 274 4186 aucto
299 4109 419 4186 simul
445 4107 676 4188 extenditur
690 4103 809 4202 radim
834 4166 837 4176 .
864 4163 868 4171 .
1003 4111 1021 4135 ·“

826 4217 884 4298 80
