2838 4874
278 342 353 418 m
562 331 1026 414 ΡΗΥΤὈΤΒΟΡῙΜ.

236 545 422 672 238.-
418 535 541 629 Ad
554 537 705 640 medio
740 497 919 657 ιιιιιιιιιε
950 525 1244 660 perficitur
1278 538 1333 616 ea

282 673 592 810 mutatio
614 677 794 795 primo
828 678 986 820 loco
1045 653 1331 788 referenda

284 815 461 912 sunt
490 815 754 906 mechanica.

366 993 485 1068 Cum
515 987 671 1088 plantae
705 998 914 1082 systemata
941 983 1153 1061 continua
1185 975 1248 1052 uti
1273 1000 1332 1050 va-

284 1128 443 1182 sorum
460 1098 798 1198 sanguiferorum
808 1113 846 1174 et
874 1117 1109 1178 nervorum
1144 1115 1236 1166 non
1268 1089 1333 1166 ha-

284 1219 419 1304 heant,
437 1212 586 1290 melius
610 1212 868 1289 resectionem
893 1213 1079 1346 partium
1107 1205 1330 1342 patiuntur,

194 1326 252 1404 Τ
285 1355 407 1432 quam
425 1325 622 1405 ..animalia
1287 1357 1292 1368 ·

380 1440 614 1518 Resectione
643 1440 830 1542 partium
851 1433 936 1515 ιιοιι
966 1436 1119 1514 'solum
1152 1431 1329 1508 sormam

284 1497 447 1656 ιιῑιιιιιι
487 1552 715 1630 mechanice
761 1566 1007 1639 mutamuss·
1004 1547 1122 1625 ·se'd
1151 1568 1328 1648 quoque

287 1663 485 1758 crescutdi
510 1667 643 1742 nisum
669 1666 884 1764 dirigimus.
957 1691 977 1724 ι
1059 1687 1091 1716 =·³

291 1778 514 1860 -Morbi
549 1780 785 1880 ¹plantarum
821 1776 915 1854 iere
965 1778 1120 1854 omnes
1183 1771 1327 1848 locales

287 1908 387 1974 sunt.
407 1943 432 1970 ,ψ
450 1897 597 1968 'lotam
621 1892 805 1993 zplantam
835 1892 1063 1992 corripiunt
1102 1885 1325 1966 infectione
1386 1899 1387 1955 ι

288 2006 477 2111 qaudam
502 2004 575 2080 sed
596 2005 764 2080 lenteet
788 2029 809 2081 a
833 2019 942 2106 parte
961 2005 1023 2082 -ad
1043 2016 1214 2106 partem
1235 2021 1325 2100 pro-

288 2120 487 2205 cedentes,
524 2142 596 2193 nec
629 2118 760 2195 subito
785 2142 874 2220 per
884 2131 1010 2194 totam
1034 2117 1225 2218 plantam
1249 2111 1324 2188 dif-

287 2235 391 2314 fissia
431 2233 533 2310 Hinc
557 2229 681 2322 culter
706 2233 906 2332 optimum
929 2230 1167 2350 'remedium
1196 2242 1255 2304 est
1282 2227 1322 2301 in

288 2348 442 2530 olentis
455 2342 803 2510 adhibendum
962 2368 967 2378 ·

292 2522 402 2691 aaa
453 2598 549 2686 Soli
515 2596 983 2730 praeparatione
1002 2591 1316 2714 saepissime
1386 2606 1387 2641 ι

251 2767 259 2794 ··
297 2733 544 2878 {plantas
575 2733 836 2868 mutamus.
1121 2795 1127 2804 -
1385 2748 1386 2780 ¹

303 2905 635 2995 stercoratio
657 2913 858 3038 agrorum
874 2906 974 2982 hnc
972 2906 1162 3036 pertinet.
1214 2901 1316 2979 Com

289 3043 383 3097 vero
416 3014 587 3121 putredo
619 3019 736 3094 nobis
760 3021 926 3096 minime
951 3019 1108 3126 cognita
1134 3019 1201 3106 sit
1227 3039 1311 3092 cnm
1384 2876 1387 3065 ι

290 3131 477 3220 modum,
515 3155 598 3234 quo
629 3131 783 3234 plantae
815 3133 1024 3210 alimenta
1029 3132 1248 3234 suscipiant
1278 3143 1311 3205 et
1384 3143 1387 3231 ζ

150 3313 155 3328 ,
290 3247 393 3327 inter
410 3244 715 3345 suscipiendum
738 3260 910 3336 mutent,
933 3247 1180 3344 ignoremus,
1205 3243 1309 3320 theo·

291 3357 348 3450 ria
372 3355 495 3452 hujus,
515 3357 573 3433 rei
598 3356 834 3436 difficillima
859 3375 973 3436 esta
1053 3365 1057 3373 “
1088 3379 1091 3386 ·

302 3525 324 3544 ..
345 3549 349 3560 ,
373 3467 498 3560 ,Ιιιιιιιι
525 3467 654 3546 dicere
677 3471 767 3548 licet
792 3470 843 3547 de
867 3473 941 3555 soli
964 3473 1213 3550 correctione
1231 3483 1311 3570 ope*

289 3605 463 3679 numae,
480 3581 619 3670 calcis,
647 3584 776 3660 sabuli
805 3584 1061 3687 aliarumque
1078 3593 1224 3663 nerum
1238 3582 1306 3658 mi·-

289 3693 500 3784 necalium,
541 3694 616 3770 nisi
657 3709 772 3796 putes
819 3697 946 3774 natale
983 3697 1142 3777 solum
1158 3699 1301 3800 plantae

290 3806 414 3884 reddi.
463 3879 464 3884 ,
589 3867 600 3888 ,.

386 3919 526 4016 Quiete
562 3921 749 4000 meliores
790 3921 901 4002 fiunt
926 3927 1005 4024 agri
1040 3939 1079 4002 et
1109 3925 1297 4004 seminum

287 4033 516 4112 mutatione
577 4041 721 4116 Putant
759 4036 911 4141 plantas
952 4041 1102 4118 semina
1142 4040 1295 4116 ferentes
