2840 4870
237 395 314 474 ml
343 435 346 442 ·
518 389 982 468 INTEGUMENTA.
1013 429 1026 450 κ

239 613 377 700 persae
399 587 529 676 latent,
554 587 821 667 etmateriam
844 589 1063 663 resinosam
1090 597 1266 662 untuma

240 703 368 784 modo
392 704 499 780 intus
519 713 597 779 'nec
621 717 731 779 extus
755 715 974 779 secernunt.

262 831 271 840 ”
340 817 560 896 Glandulae
592 818 806 919 impressae
838 832 905 893 aut
928 839 1024 914 vage
1057 815 1264 917 dispersae.

242 945 311 1012 aut
332 934 375 1014 in
400 933 518 1009 series
541 933 732 1009 orhemve
762 932 974 1035 dispositae
1004 921 1266 1032 reperiuntur)
1397 1029 1398 1038 ἵ

243 1046 484 1155 qmbusdam
510 1048 718 1123 ordinibus
743 1047 987 1124 naturalibus
1012 1045 1205 1122 solennes.

247 1217 254 1226 ·
340 1162 566 1261 singulares
600 1175 695 1238 sunt
730 1162 774 1237 in
805 1160 976 1241 Robinia
1009 1161 1158 1236 viscosa
1191 1157 1266 1236 sub

245 1276 491 1378 e'pidermide
521 1278 640 1355 rulira
671 1277 833 1378 positae,
867 1291 906 1352 at
937 1275 1268 1376 supra-corticem

243 1391 421 1481 viridem,
456 1415 477 1468 e
508 1391 657 1468 cellulis
690 1391 916 1491 aggregatis,
942 1389 1126 1468 'uti-alias
1157 1412 1268 1465 com-

243 1507 404 1610 positae.
441 1507 657 1608 Rumpitur
675 1507 896 1606 epidermis,
913 1504 1123 1604 glandulae
1141 1501 1268 1579 elluo·
1348 1503 1350 1508 ’

246 1620 349 1722 dunt
378 1645 542 1697 succum
576 1623 772 1696 viscosum
797 1635 929 1698 totum
953 1645 1114 1742 ramum
1138 1632 1269 1718 tegen-

245 1751 327 1816 tem
353 1741 404 1810 et
414 1747 501 1809 tum
528 1736 777 1851 ersiccantur.

304 1841 492 1926 Multae
516 1839 753 1926 secretiones
777 1851 821 1925 in
838 1849 980 1951 plantis
998 1849 1146 1950 absque
1164 1845 1270 1976 glan-

249 1963 353 2042 dolis
377 1961 646 2065 perficiuntur
678 1969 848 2041 Succus
874 1964 1035 2040 dulcis
1024 1987 1066 2037 m
1093 1959 1272 2036 nectariis

250 2103 271 2154 e
305 2078 454 2155 cellulis
485 2079 701 2154 secernitur
733 2105 753 2154 a
785 2079 951 2180 reliquis
983 2102 1069 2154 non
1100 2076 1178 2152 situ
1203 2071 1270 2152 sed

250 2216 440 2293 compage
463 2205 618 2267 tantum
646 2189 929 2267 differentibus.

345 2311 471 2384 Verae
496 2304 739 2400 glandulae
728 2330 770 2379 m
796 2301 1075 2424 Cryptopliytis
1100 2326 1185 2380 non
1210 2325 1276 2378 oc

251 2433 431 2580 currunt,
457 2441 530 2492 nec
554 2419 597 2492 in
621 2419 778 2496 Muscis.

252 2561 355 2712 137.
372 2673 390 2686 .,
418 2617 663 2707 Glandntae
702 2624 927 2739 stipatotoe
968 2631 1061 2709 auti
1095 2614 1277 2734 simpli·
1401 2581 1402 2588 i

279 2793 297 2907 j
314 2785 398 2850 ces
451 2769 581 2861 sunt,
640 2773 723 2848 aut
782 2761 1115 2879 compositam
1173 2757 1276 2880 pilo

278 2891 595 3000 suffultae,¹
625 2907 711 2989 aut
758 2898 930 3060 stipite
983 2900 1155 2990 st1icte
1209 2897 1279 2987 sic

261 3037 466 3164 dicto,
510 3041 737 3160 succum
755 3039 811 3136 in
846 3037 1112 3212 superlicio
1147 3065 1279 3130 essu

263 3139 550 3279 dautes.

310 3343 573 3438 Glandulae
598 3346 796 3448 simplices
819 3373 864 3426 ex
879 3349 995 3427 unica
1013 3321 1170 3424 tantum
1188 3369 1281 3423 con·

255 3472 357 3556 stant
386 3457 548 3554 cellula,
587 3461 830 3562 compositae
873 3489 894 3538 e
931 3463 1123 3564 pluribus.
1189 3459 1283 3540 Illae

253 3576 492 3678 plerumque
516 3573 599 3675 pilo
624 3575 833 3676 impositae
859 3593 951 3654 sunt
976 3601 1047 3654 seu
1071 3577 1193 3652 unico
1223 3599 1282 3648 ca-

255 3689 369 3779 nali,¹
407 3689 525 3790 septis
572 3689 800 3764 transversis
847 3690 1051 3768 interdum
1102 3691 1283 3777 discreto.

255 3801 318 3881 Ad
346 3801 451 3930 pilos
481 3799 720 3906 plerumque
749 3803 977 3881 reseruntur
1006 3820 1045 3881 et
1076 3801 1146 3906 pili
1182 3802 1283 3902 capi·

256 3919 340 3994 lati
361 3915 561 4008 vocantur
622 3918 720 4007 Pili,'
754 3919 821 4022 qui
860 3921 901 3994 in
936 3919 1050 4020 apice
1086 3917 1282 4016 guttulam

259 4027 449 4132 exsudant
472 4032 639 4138 liquoris
671 4036 829 4123 tenacis,
864 4057 957 4147 cum
988 4031 1051 4108 his
1081 4053 1167 4108 non
1191 4050 1282 4106 raro

259 4151 491 4224 commutati
506 4164 616 4234 sunt
