<?xml version="1.0" encoding="UTF-8"?>
<!DOCTYPE html PUBLIC "-//W3C//DTD XHTML 1.0 Transitional//EN"
    "http://www.w3.org/TR/xhtml1/DTD/xhtml1-transitional.dtd">
<html xmlns="http://www.w3.org/1999/xhtml" xml:lang="en" lang="en">
 <head>
  <title>
</title>
<meta http-equiv="Content-Type" content="text/html;charset=utf-8" />
  <meta name='ocr-system' content='tesseract 3.04.00' />
  <meta name='ocr-capabilities' content='ocr_page ocr_carea ocr_par ocr_line ocrx_word'/>
</head>
<body>
  <div class='ocr_page' id='page_1' title='image "./elementaphiloso00linkgoog_0203.png"; bbox 0 0 2840 4870; ppageno 0'>
   <div class='ocr_carea' id='block_1_1' title="bbox 268 383 877 464">
    <p class='ocr_par' dir='ltr' id='par_1_1' title="bbox 268 383 877 464">
     <span class='ocr_line' id='line_1_1' title="bbox 268 383 877 464; baseline -0.01 -2"><span class='ocrx_word' id='word_1_1' title='bbox 268 385 341 464; x_wconf 75' lang='grc'><strong>194</strong></span> <span class='ocrx_word' id='word_1_2' title='bbox 685 383 877 462; x_wconf 76' lang='lat' dir='ltr'><strong>ronta.</strong></span> 
     </span>
    </p>
   </div>
   <div class='ocr_carea' id='block_1_2' title="bbox 268 581 1299 2054">
    <p class='ocr_par' dir='ltr' id='par_1_2' title="bbox 269 581 1299 804">
     <span class='ocr_line' id='line_1_2' title="bbox 270 581 1299 684; baseline -0.007 -20"><span class='ocrx_word' id='word_1_3' title='bbox 270 587 408 665; x_wconf 78' lang='lat' dir='ltr'><strong>solent</strong></span> <span class='ocrx_word' id='word_1_4' title='bbox 481 585 593 684; x_wconf 85' lang='lat' dir='ltr'><strong>Pyxis</strong></span> <span class='ocrx_word' id='word_1_5' title='bbox 640 585 737 662; x_wconf 88' lang='lat' dir='ltr'><strong>haec</strong></span> <span class='ocrx_word' id='word_1_6' title='bbox 784 581 1014 684; x_wconf 81' lang='lat' dir='ltr'>gemmifera</span> <span class='ocrx_word' id='word_1_7' title='bbox 1056 583 1100 658; x_wconf 93' lang='lat' dir='ltr'><strong>in</strong></span> <span class='ocrx_word' id='word_1_8' title='bbox 1153 583 1299 662; x_wconf 85' lang='lat' dir='ltr'><strong>Muscis</strong></span> 
     </span>
     <span class='ocr_line' id='line_1_3' title="bbox 269 698 1120 804; baseline -0.011 -24"><span class='ocrx_word' id='word_1_9' title='bbox 269 700 465 804; x_wconf 84' lang='lat' dir='ltr'><strong>Hepaticis</strong></span> <span class='ocrx_word' id='word_1_10' title='bbox 489 698 710 776; x_wconf 81' lang='lat' dir='ltr'><strong>luculenter</strong></span> <span class='ocrx_word' id='word_1_11' title='bbox 733 701 907 801; x_wconf 87' lang='lat' dir='ltr'><strong>exposita</strong></span> <span class='ocrx_word' id='word_1_12' title='bbox 932 711 998 776; x_wconf 82' lang='lat' dir='ltr'><strong>est</strong></span> <span class='ocrx_word' id='word_1_13' title='bbox 1116 699 1120 706; x_wconf 82' lang='grc'><strong>’</strong></span> 
     </span>
    </p>

    <p class='ocr_par' dir='ltr' id='par_1_3' title="bbox 268 810 1298 1368">
     <span class='ocr_line' id='line_1_4' title="bbox 365 810 1296 910; baseline -0.009 -18"><span class='ocrx_word' id='word_1_14' title='bbox 365 814 569 892; x_wconf 79' lang='lat' dir='ltr'><strong>Aberratio</strong></span> <span class='ocrx_word' id='word_1_15' title='bbox 602 812 690 890; x_wconf 87' lang='lat' dir='ltr'><strong>folii</strong></span> <span class='ocrx_word' id='word_1_16' title='bbox 722 841 744 890; x_wconf 92' lang='lat' dir='ltr'><strong>a</strong></span> <span class='ocrx_word' id='word_1_17' title='bbox 776 813 906 892; x_wconf 84' lang='lat' dir='ltr'><strong>forma</strong></span> <span class='ocrx_word' id='word_1_18' title='bbox 938 811 1187 910; x_wconf 87' lang='lat' dir='ltr'><strong>symmetrica</strong></span> <span class='ocrx_word' id='word_1_19' title='bbox 1223 810 1296 885; x_wconf 86' lang='lat' dir='ltr'><strong>hac</strong></span> 
     </span>
     <span class='ocr_line' id='line_1_5' title="bbox 268 923 1297 1032; baseline -0.006 -26"><span class='ocrx_word' id='word_1_20' title='bbox 268 927 562 1032; x_wconf 81' lang='lat' dir='ltr'><strong>compositione</strong></span> <span class='ocrx_word' id='word_1_21' title='bbox 587 926 765 1004; x_wconf 88' lang='lat' dir='ltr'><strong>efficitur.</strong></span> <span class='ocrx_word' id='word_1_22' title='bbox 814 931 917 1004; x_wconf 92' lang='lat' dir='ltr'><strong>Hinc</strong></span> <span class='ocrx_word' id='word_1_23' title='bbox 941 927 973 1003; x_wconf 89' lang='lat' dir='ltr'><strong>si</strong></span> <span class='ocrx_word' id='word_1_24' title='bbox 1000 927 1179 1027; x_wconf 80' lang='lat' dir='ltr'><strong>quinque</strong></span> <span class='ocrx_word' id='word_1_25' title='bbox 1201 923 1297 1000; x_wconf 80' lang='lat' dir='ltr'><strong>folia</strong></span> 
     </span>
     <span class='ocr_line' id='line_1_6' title="bbox 269 1039 1298 1129; baseline -0.007 -9"><span class='ocrx_word' id='word_1_26' title='bbox 269 1043 345 1120; x_wconf 83' lang='lat' dir='ltr'><strong>siti</strong></span> <span class='ocrx_word' id='word_1_27' title='bbox 371 1042 628 1129; x_wconf 86' lang='lat' dir='ltr'><strong>accumbunt,</strong></span> <span class='ocrx_word' id='word_1_28' title='bbox 653 1042 872 1118; x_wconf 82' lang='lat' dir='ltr'><strong>alternatim</strong></span> <span class='ocrx_word' id='word_1_29' title='bbox 897 1041 998 1117; x_wconf 90' lang='lat' dir='ltr'><strong>latus</strong></span> <span class='ocrx_word' id='word_1_30' title='bbox 1025 1039 1207 1115; x_wconf 83' lang='lat' dir='ltr'><strong>dextrum</strong></span> <span class='ocrx_word' id='word_1_31' title='bbox 1232 1053 1298 1114; x_wconf 83' lang='lat' dir='ltr'><strong>ant</strong></span> 
     </span>
     <span class='ocr_line' id='line_1_7' title="bbox 271 1155 1296 1256; baseline -0.006 -22"><span class='ocrx_word' id='word_1_32' title='bbox 271 1160 481 1234; x_wconf 86' lang='lat' dir='ltr'><strong>sinistrum.</strong></span> <span class='ocrx_word' id='word_1_33' title='bbox 504 1156 588 1231; x_wconf 88' lang='lat' dir='ltr'><strong>basi</strong></span> <span class='ocrx_word' id='word_1_34' title='bbox 618 1156 777 1232; x_wconf 89' lang='lat' dir='ltr'><strong>brevius</strong></span> <span class='ocrx_word' id='word_1_35' title='bbox 802 1179 885 1234; x_wconf 86' lang='lat' dir='ltr'><strong>esse</strong></span> <span class='ocrx_word' id='word_1_36' title='bbox 910 1155 1027 1244; x_wconf 86' lang='lat' dir='ltr'><strong>solet,</strong></span> <span class='ocrx_word' id='word_1_37' title='bbox 1067 1179 1190 1256; x_wconf 90' lang='lat' dir='ltr'><strong>qnam</strong></span> <span class='ocrx_word' id='word_1_38' title='bbox 1223 1179 1296 1256; x_wconf 88' lang='lat' dir='ltr'><strong>pro</strong></span> 
     </span>
     <span class='ocr_line' id='line_1_8' title="bbox 271 1267 908 1368; baseline -0.005 -20"><span class='ocrx_word' id='word_1_39' title='bbox 271 1273 424 1348; x_wconf 87' lang='lat' dir='ltr'><strong>ratione</strong></span> <span class='ocrx_word' id='word_1_40' title='bbox 449 1269 599 1368; x_wconf 78' lang='lat' dir='ltr'><strong>figurae</strong></span> <span class='ocrx_word' id='word_1_41' title='bbox 624 1267 711 1345; x_wconf 89' lang='lat' dir='ltr'><strong>fieri</strong></span> <span class='ocrx_word' id='word_1_42' title='bbox 738 1269 908 1347; x_wconf 86' lang='lat' dir='ltr'><strong>deberet</strong></span> 
     </span>
    </p>

    <p class='ocr_par' dir='ltr' id='par_1_4' title="bbox 270 1381 1299 2054">
     <span class='ocr_line' id='line_1_9' title="bbox 365 1381 1299 1462; baseline -0.006 0"><span class='ocrx_word' id='word_1_43' title='bbox 365 1384 552 1462; x_wconf 88' lang='lat' dir='ltr'><strong>Evolutio</strong></span> <span class='ocrx_word' id='word_1_44' title='bbox 583 1384 655 1459; x_wconf 83' lang='lat' dir='ltr'><strong>ista</strong></span> <span class='ocrx_word' id='word_1_45' title='bbox 686 1384 824 1460; x_wconf 90' lang='lat' dir='ltr'><strong>similis</strong></span> <span class='ocrx_word' id='word_1_46' title='bbox 863 1397 920 1460; x_wconf 90' lang='lat' dir='ltr'><strong>est</strong></span> <span class='ocrx_word' id='word_1_47' title='bbox 950 1381 1183 1459; x_wconf 81' lang='lat' dir='ltr'><strong>sonnationi</strong></span> <span class='ocrx_word' id='word_1_48' title='bbox 1210 1405 1299 1456; x_wconf 91' lang='lat' dir='ltr'><strong>cau-</strong></span> 
     </span>
     <span class='ocr_line' id='line_1_10' title="bbox 270 1497 1298 1595; baseline -0.005 -20"><span class='ocrx_word' id='word_1_49' title='bbox 270 1499 320 1576; x_wconf 86' lang='lat' dir='ltr'><strong>lis</strong></span> <span class='ocrx_word' id='word_1_50' title='bbox 353 1513 393 1575; x_wconf 90' lang='lat' dir='ltr'><strong>et</strong></span> <span class='ocrx_word' id='word_1_51' title='bbox 430 1523 648 1575; x_wconf 89' lang='lat' dir='ltr'><strong>ramorum.</strong></span> <span class='ocrx_word' id='word_1_52' title='bbox 711 1500 854 1576; x_wconf 84' lang='lat' dir='ltr'><strong>Cortex</strong></span> <span class='ocrx_word' id='word_1_53' title='bbox 892 1522 986 1574; x_wconf 90' lang='lat' dir='ltr'><strong>cum</strong></span> <span class='ocrx_word' id='word_1_54' title='bbox 1021 1497 1131 1595; x_wconf 84' lang='lat' dir='ltr'><strong>ligno</strong></span> <span class='ocrx_word' id='word_1_55' title='bbox 1163 1519 1298 1570; x_wconf 88' lang='lat' dir='ltr'><strong>versus</strong></span> 
     </span>
     <span class='ocr_line' id='line_1_11' title="bbox 272 1609 1298 1701; baseline -0.008 -10"><span class='ocrx_word' id='word_1_56' title='bbox 272 1615 461 1691; x_wconf 82' lang='lat' dir='ltr'><strong>exteriora</strong></span> <span class='ocrx_word' id='word_1_57' title='bbox 493 1612 749 1701; x_wconf 86' lang='lat' dir='ltr'><strong>convertitur,</strong></span> <span class='ocrx_word' id='word_1_58' title='bbox 781 1612 958 1688; x_wconf 87' lang='lat' dir='ltr'><strong>medulla</strong></span> <span class='ocrx_word' id='word_1_59' title='bbox 988 1612 1031 1686; x_wconf 91' lang='lat' dir='ltr'><strong>in</strong></span> <span class='ocrx_word' id='word_1_60' title='bbox 1064 1609 1203 1686; x_wconf 88' lang='lat' dir='ltr'><strong>medio</strong></span> <span class='ocrx_word' id='word_1_61' title='bbox 1238 1611 1298 1684; x_wconf 88' lang='lat' dir='ltr'><strong>in-</strong></span> 
     </span>
     <span class='ocr_line' id='line_1_12' title="bbox 270 1724 1299 1804; baseline -0.006 0"><span class='ocrx_word' id='word_1_62' title='bbox 270 1729 378 1804; x_wconf 90' lang='lat' dir='ltr'><strong>clusa</strong></span> <span class='ocrx_word' id='word_1_63' title='bbox 414 1729 558 1804; x_wconf 82' lang='lat' dir='ltr'><strong>haeret.</strong></span> <span class='ocrx_word' id='word_1_64' title='bbox 623 1725 806 1804; x_wconf 88' lang='lat' dir='ltr'><strong>Eandem</strong></span> <span class='ocrx_word' id='word_1_65' title='bbox 841 1724 1016 1802; x_wconf 87' lang='lat' dir='ltr'><strong>formam</strong></span> <span class='ocrx_word' id='word_1_66' title='bbox 1054 1739 1122 1800; x_wconf 89' lang='lat' dir='ltr'><strong>aut</strong></span> <span class='ocrx_word' id='word_1_67' title='bbox 1151 1725 1299 1799; x_wconf 87' lang='lat' dir='ltr'><strong>habent</strong></span> 
     </span>
     <span class='ocr_line' id='line_1_13' title="bbox 271 1837 1297 1944; baseline -0.007 -27"><span class='ocrx_word' id='word_1_68' title='bbox 271 1841 442 1944; x_wconf 77' lang='lat' dir='ltr'><strong>potiolus</strong></span> <span class='ocrx_word' id='word_1_69' title='bbox 480 1855 519 1916; x_wconf 89' lang='lat' dir='ltr'><strong>et</strong></span> <span class='ocrx_word' id='word_1_70' title='bbox 554 1842 682 1930; x_wconf 91' lang='lat' dir='ltr'><strong>nervi,</strong></span> <span class='ocrx_word' id='word_1_71' title='bbox 716 1855 783 1916; x_wconf 89' lang='lat' dir='ltr'><strong>aut</strong></span> <span class='ocrx_word' id='word_1_72' title='bbox 817 1840 866 1915; x_wconf 88' lang='lat' dir='ltr'><strong>ad</strong></span> <span class='ocrx_word' id='word_1_73' title='bbox 892 1865 979 1916; x_wconf 86' lang='lat' dir='ltr'><strong>eam</strong></span> <span class='ocrx_word' id='word_1_74' title='bbox 1005 1837 1215 1924; x_wconf 86' lang='lat' dir='ltr'><strong>accedunt,</strong></span> <span class='ocrx_word' id='word_1_75' title='bbox 1247 1837 1297 1911; x_wconf 86' lang='lat' dir='ltr'><strong>ita</strong></span> 
     </span>
     <span class='ocr_line' id='line_1_14' title="bbox 271 1954 1207 2054; baseline -0.009 -22"><span class='ocrx_word' id='word_1_76' title='bbox 271 1955 451 2032; x_wconf 78' lang='lat' dir='ltr'><strong>attidem</strong></span> <span class='ocrx_word' id='word_1_77' title='bbox 478 1956 717 2033; x_wconf 83' lang='lat' dir='ltr'><strong>evolationis</strong></span> <span class='ocrx_word' id='word_1_78' title='bbox 741 1954 891 2030; x_wconf 88' lang='lat' dir='ltr'><strong>modus</strong></span> <span class='ocrx_word' id='word_1_79' title='bbox 915 1968 976 2029; x_wconf 89' lang='lat' dir='ltr'><strong>ter</strong></span> <span class='ocrx_word' id='word_1_80' title='bbox 999 1964 1207 2054; x_wconf 87' lang='lat' dir='ltr'><strong>repetatur.</strong></span> 
     </span>
    </p>
   </div>
   <div class='ocr_carea' id='block_1_3' title="bbox 274 2201 1408 2463">
    <p class='ocr_par' dir='ltr' id='par_1_5' title="bbox 274 2201 1408 2463">
     <span class='ocr_line' id='line_1_15' title="bbox 274 2201 1298 2322; baseline -0.005 -26"><span class='ocrx_word' id='word_1_81' title='bbox 274 2208 376 2296; x_wconf 81' lang='lat'><strong>115.</strong></span> <span class='ocrx_word' id='word_1_82' title='bbox 438 2203 865 2322; x_wconf 84' lang='lat' dir='ltr'><strong>Metamorphosis</strong></span> <span class='ocrx_word' id='word_1_83' title='bbox 896 2201 1137 2292; x_wconf 83' lang='lat' dir='ltr'><strong>foliorum</strong></span> <span class='ocrx_word' id='word_1_84' title='bbox 1173 2231 1298 2291; x_wconf 91' lang='lat' dir='ltr'><strong>non·</strong></span> 
     </span>
     <span class='ocr_line' id='line_1_16' title="bbox 335 2343 1408 2463; baseline -0.003 -30"><span class='ocrx_word' id='word_1_85' title='bbox 335 2343 433 2433; x_wconf 87' lang='lat' dir='ltr'><strong>nisi</strong></span> <span class='ocrx_word' id='word_1_86' title='bbox 489 2343 545 2432; x_wconf 88' lang='lat' dir='ltr'><strong>in</strong></span> <span class='ocrx_word' id='word_1_87' title='bbox 599 2348 836 2432; x_wconf 75' lang='lat' dir='ltr'><strong>evolutione</strong></span> <span class='ocrx_word' id='word_1_88' title='bbox 889 2358 939 2434; x_wconf 84' lang='lat' dir='ltr'><strong>et</strong></span> <span class='ocrx_word' id='word_1_89' title='bbox 989 2349 1299 2463; x_wconf 79' lang='lat' dir='ltr'><strong>explanatione</strong></span> <span class='ocrx_word' id='word_1_90' title='bbox 1407 2371 1408 2411; x_wconf 67' lang='lat' dir='ltr'><strong>l</strong></span> 
     </span>
    </p>
   </div>
   <div class='ocr_carea' id='block_1_4' title="bbox 335 2480 572 2570">
    <p class='ocr_par' dir='ltr' id='par_1_6' title="bbox 335 2480 572 2570">
     <span class='ocr_line' id='line_1_17' title="bbox 335 2480 572 2570; baseline 0 -1"><span class='ocrx_word' id='word_1_91' title='bbox 335 2480 572 2570; x_wconf 70' lang='lat' dir='ltr'><strong>consistit„</strong></span> 
     </span>
    </p>
   </div>
   <div class='ocr_carea' id='block_1_5' title="bbox 268 2649 1328 4212">
    <p class='ocr_par' dir='ltr' id='par_1_7' title="bbox 268 2649 1328 4212">
     <span class='ocr_line' id='line_1_18' title="bbox 367 2649 1298 2756; baseline 0 -30"><span class='ocrx_word' id='word_1_92' title='bbox 367 2649 477 2726; x_wconf 89' lang='lat' dir='ltr'><strong>Folia</strong></span> <span class='ocrx_word' id='word_1_93' title='bbox 508 2649 550 2724; x_wconf 93' lang='lat' dir='ltr'><strong>in</strong></span> <span class='ocrx_word' id='word_1_94' title='bbox 583 2652 750 2749; x_wconf 85' lang='lat' dir='ltr'><strong>gemmis</strong></span> <span class='ocrx_word' id='word_1_95' title='bbox 784 2649 953 2728; x_wconf 86' lang='lat' dir='ltr'><strong>formata</strong></span> <span class='ocrx_word' id='word_1_96' title='bbox 985 2653 1149 2756; x_wconf 90' lang='lat' dir='ltr'><strong>quidem</strong></span> <span class='ocrx_word' id='word_1_97' title='bbox 1184 2678 1298 2754; x_wconf 91' lang='lat' dir='ltr'><strong>appa-</strong></span> 
     </span>
     <span class='ocr_line' id='line_1_19' title="bbox 271 2762 1297 2868; baseline 0 -28"><span class='ocrx_word' id='word_1_98' title='bbox 271 2778 374 2853; x_wconf 88' lang='lat' dir='ltr'><strong>rent,</strong></span> <span class='ocrx_word' id='word_1_99' title='bbox 415 2762 487 2839; x_wconf 91' lang='lat' dir='ltr'><strong>sed</strong></span> <span class='ocrx_word' id='word_1_100' title='bbox 515 2764 683 2840; x_wconf 89' lang='lat' dir='ltr'><strong>minime</strong></span> <span class='ocrx_word' id='word_1_101' title='bbox 719 2765 859 2841; x_wconf 87' lang='lat' dir='ltr'><strong>eadem</strong></span> <span class='ocrx_word' id='word_1_102' title='bbox 891 2767 1008 2868; x_wconf 89' lang='lat' dir='ltr'><strong>plane</strong></span> <span class='ocrx_word' id='word_1_103' title='bbox 1039 2768 1181 2866; x_wconf 83' lang='lat' dir='ltr'><strong>figura,</strong></span> <span class='ocrx_word' id='word_1_104' title='bbox 1221 2791 1297 2867; x_wconf 85' lang='lat' dir='ltr'><strong>qua</strong></span> 
     </span>
     <span class='ocr_line' id='line_1_20' title="bbox 271 2880 1298 2984; baseline 0 -30"><span class='ocrx_word' id='word_1_105' title='bbox 271 2894 407 2980; x_wconf 87' lang='lat' dir='ltr'><strong>postea</strong></span> <span class='ocrx_word' id='word_1_106' title='bbox 434 2880 743 2982; x_wconf 85' lang='lat' dir='ltr'><strong>conspiciuntur.</strong></span> <span class='ocrx_word' id='word_1_107' title='bbox 792 2881 895 2957; x_wconf 82' lang='lat' dir='ltr'><strong>Folii</strong></span> <span class='ocrx_word' id='word_1_108' title='bbox 922 2882 1132 2984; x_wconf 90' lang='lat' dir='ltr'><strong>compositi</strong></span> <span class='ocrx_word' id='word_1_109' title='bbox 1159 2894 1197 2956; x_wconf 94' lang='lat' dir='ltr'><strong>et</strong></span> <span class='ocrx_word' id='word_1_110' title='bbox 1212 2905 1298 2981; x_wconf 89' lang='lat' dir='ltr'><strong>par-</strong></span> 
     </span>
     <span class='ocr_line' id='line_1_21' title="bbox 271 2991 1297 3098; baseline 0.001 -31"><span class='ocrx_word' id='word_1_111' title='bbox 271 2993 331 3067; x_wconf 89' lang='lat' dir='ltr'><strong>titi</strong></span> <span class='ocrx_word' id='word_1_112' title='bbox 371 2991 508 3098; x_wconf 74' lang='lat' dir='ltr'><strong>foliola</strong></span> <span class='ocrx_word' id='word_1_113' title='bbox 549 3011 718 3072; x_wconf 84' lang='lat' dir='ltr'><strong>extrema</strong></span> <span class='ocrx_word' id='word_1_114' title='bbox 761 3010 800 3072; x_wconf 90' lang='lat' dir='ltr'><strong>et</strong></span> <span class='ocrx_word' id='word_1_115' title='bbox 839 2997 1067 3098; x_wconf 83' lang='lat' dir='ltr'><strong>partitiones</strong></span> <span class='ocrx_word' id='word_1_116' title='bbox 1105 3009 1297 3070; x_wconf 83' lang='lat' dir='ltr'><strong>extremae</strong></span> 
     </span>
     <span class='ocr_line' id='line_1_22' title="bbox 270 3097 1296 3211; baseline 0.005 -32"><span class='ocrx_word' id='word_1_117' title='bbox 270 3108 448 3207; x_wconf 91' lang='lat' dir='ltr'><strong>primum</strong></span> <span class='ocrx_word' id='word_1_118' title='bbox 478 3110 521 3183; x_wconf 93' lang='lat' dir='ltr'><strong>in</strong></span> <span class='ocrx_word' id='word_1_119' title='bbox 551 3097 809 3210; x_wconf 78' lang='lat' dir='ltr'><strong>conspectum</strong></span> <span class='ocrx_word' id='word_1_120' title='bbox 844 3109 1064 3211; x_wconf 89' lang='lat' dir='ltr'><strong>prodeunt,</strong></span> <span class='ocrx_word' id='word_1_121' title='bbox 1107 3123 1203 3184; x_wconf 87' lang='lat' dir='ltr'><strong>tnnc</strong></span> <span class='ocrx_word' id='word_1_122' title='bbox 1240 3133 1296 3184; x_wconf 91' lang='lat' dir='ltr'><strong>se-</strong></span> 
     </span>
     <span class='ocr_line' id='line_1_23' title="bbox 272 3219 1296 3326; baseline 0.004 -34"><span class='ocrx_word' id='word_1_123' title='bbox 272 3233 451 3318; x_wconf 78' lang='lat' dir='ltr'><strong>quuntur</strong></span> <span class='ocrx_word' id='word_1_124' title='bbox 466 3219 617 3326; x_wconf 85' lang='lat' dir='ltr'><strong>reliqna</strong></span> <span class='ocrx_word' id='word_1_125' title='bbox 641 3221 778 3298; x_wconf 87' lang='lat' dir='ltr'><strong>foliola</strong></span> <span class='ocrx_word' id='word_1_126' title='bbox 805 3237 843 3299; x_wconf 86' lang='lat' dir='ltr'><strong>et</strong></span> <span class='ocrx_word' id='word_1_127' title='bbox 866 3223 1041 3326; x_wconf 85' lang='lat' dir='ltr'><strong>reliquae</strong></span> <span class='ocrx_word' id='word_1_128' title='bbox 1066 3223 1296 3326; x_wconf 85' lang='lat' dir='ltr'><strong>partitiones</strong></span> 
     </span>
     <span class='ocr_line' id='line_1_24' title="bbox 270 3332 1295 3440; baseline 0.005 -36"><span class='ocrx_word' id='word_1_129' title='bbox 270 3332 475 3431; x_wconf 72' lang='lat' dir='ltr'><strong>nequead</strong></span> <span class='ocrx_word' id='word_1_130' title='bbox 495 3335 611 3412; x_wconf 30' lang='lat' dir='ltr'><strong>&#39;basin</strong></span> <span class='ocrx_word' id='word_1_131' title='bbox 635 3335 789 3435; x_wconf 85' lang='lat' dir='ltr'><strong>petioli,</strong></span> <span class='ocrx_word' id='word_1_132' title='bbox 813 3337 886 3438; x_wconf 82' lang='lat' dir='ltr'><strong>qni</strong></span> <span class='ocrx_word' id='word_1_133' title='bbox 909 3338 1143 3440; x_wconf 78' lang='lat' dir='ltr'><strong>ipse&#39;serins</strong></span> <span class='ocrx_word' id='word_1_134' title='bbox 1167 3359 1295 3412; x_wconf 89' lang='lat' dir='ltr'><strong>emer-</strong></span> 
     </span>
     <span class='ocr_line' id='line_1_25' title="bbox 272 3443 1328 3553; baseline 0.005 -34"><span class='ocrx_word' id='word_1_135' title='bbox 272 3443 341 3542; x_wconf 65' lang='lat' dir='ltr'><strong>git,</strong></span> <span class='ocrx_word' id='word_1_136' title='bbox 373 3463 496 3545; x_wconf 83' lang='lat' dir='ltr'><strong>quem</strong></span> <span class='ocrx_word' id='word_1_137' title='bbox 527 3447 673 3524; x_wconf 71' lang='lat' dir='ltr'><strong>lentina</strong></span> <span class='ocrx_word' id='word_1_138' title='bbox 704 3463 743 3526; x_wconf 84' lang='lat' dir='ltr'><strong>et</strong></span> <span class='ocrx_word' id='word_1_139' title='bbox 772 3453 814 3524; x_wconf 88' lang='lat' dir='ltr'><strong>in</strong></span> <span class='ocrx_word' id='word_1_140' title='bbox 847 3450 947 3528; x_wconf 83' lang='lat' dir='ltr'><strong>folio</strong></span> <span class='ocrx_word' id='word_1_141' title='bbox 974 3451 1152 3553; x_wconf 87' lang='lat' dir='ltr'><strong>simplici.</strong></span> <span class='ocrx_word' id='word_1_142' title='bbox 1201 3454 1328 3526; x_wconf 84' lang='lat' dir='ltr'><strong>Pos-¹</strong></span> 
     </span>
     <span class='ocr_line' id='line_1_26' title="bbox 271 3557 1295 3670; baseline 0.004 -37"><span class='ocrx_word' id='word_1_143' title='bbox 271 3564 358 3634; x_wconf 77' lang='lat' dir='ltr'><strong>sem</strong></span> <span class='ocrx_word' id='word_1_144' title='bbox 387 3557 482 3635; x_wconf 81' lang='lat' dir='ltr'><strong>folia</strong></span> <span class='ocrx_word' id='word_1_145' title='bbox 511 3559 591 3636; x_wconf 84' lang='lat' dir='ltr'><strong>hoc</strong></span> <span class='ocrx_word' id='word_1_146' title='bbox 620 3563 750 3670; x_wconf 87' lang='lat' dir='ltr'><strong>modo</strong></span> <span class='ocrx_word' id='word_1_147' title='bbox 776 3564 933 3642; x_wconf 84' lang='lat' dir='ltr'><strong>evoluta</strong></span> <span class='ocrx_word' id='word_1_148' title='bbox 958 3581 1049 3643; x_wconf 76' lang='lat' dir='ltr'><strong>rete</strong></span> <span class='ocrx_word' id='word_1_149' title='bbox 1076 3565 1295 3667; x_wconf 89' lang='lat' dir='ltr'><strong>composita</strong></span> 
     </span>
     <span class='ocr_line' id='line_1_27' title="bbox 273 3672 1041 3784; baseline 0.007 -36"><span class='ocrx_word' id='word_1_150' title='bbox 273 3685 311 3748; x_wconf 87' lang='lat' dir='ltr'><strong>et</strong></span> <span class='ocrx_word' id='word_1_151' title='bbox 326 3672 472 3784; x_wconf 81' lang='lat' dir='ltr'><strong>&#39;partita</strong></span> <span class='ocrx_word' id='word_1_152' title='bbox 491 3675 640 3750; x_wconf 58' lang='lat' dir='ltr'><strong>&#39;vocari‘</strong></span> <span class='ocrx_word' id='word_1_153' title='bbox 1040 3717 1041 3724; x_wconf 16' lang='grc' dir='ltr'><strong>κ</strong></span> 
     </span>
     <span class='ocr_line' id='line_1_28' title="bbox 273 3775 1297 3896; baseline 0.002 -32"><span class='ocrx_word' id='word_1_154' title='bbox 273 3819 280 3827; x_wconf 95' lang='grc'><em>·</em></span> <span class='ocrx_word' id='word_1_155' title='bbox 361 3775 581 3896; x_wconf 70' lang='lat' dir='ltr'><strong>llncisiones</strong></span> <span class='ocrx_word' id='word_1_156' title='bbox 615 3811 712 3865; x_wconf 81' lang='lat' dir='ltr'><strong>vero</strong></span> <span class='ocrx_word' id='word_1_157' title='bbox 747 3795 977 3893; x_wconf 85' lang='lat' dir='ltr'><strong>praesertim</strong></span> <span class='ocrx_word' id='word_1_158' title='bbox 1015 3793 1101 3869; x_wconf 84' lang='lat' dir='ltr'><strong>folii</strong></span> <span class='ocrx_word' id='word_1_159' title='bbox 1140 3791 1297 3868; x_wconf 90' lang='lat' dir='ltr'><strong>incisuli</strong></span> 
     </span>
     <span class='ocr_line' id='line_1_29' title="bbox 270 3902 1294 4010; baseline 0.004 -34"><span class='ocrx_word' id='word_1_160' title='bbox 270 3913 411 3976; x_wconf 77' lang='lat' dir='ltr'><strong>omnes</strong></span> <span class='ocrx_word' id='word_1_161' title='bbox 446 3902 567 3978; x_wconf 79' lang='lat' dir='ltr'><strong>simol</strong></span> <span class='ocrx_word' id='word_1_162' title='bbox 608 3921 830 4004; x_wconf 84' lang='lat' dir='ltr'><strong>emergunt,</strong></span> <span class='ocrx_word' id='word_1_163' title='bbox 863 3923 1114 4010; x_wconf 76' lang='lat' dir='ltr'><strong>&#39;quamquam</strong></span> <span class='ocrx_word' id='word_1_164' title='bbox 1160 3907 1294 4008; x_wconf 88' lang='lat' dir='ltr'><strong>primo</strong></span> 
     </span>
     <span class='ocr_line' id='line_1_30' title="bbox 270 4013 1295 4126; baseline 0.005 -38"><span class='ocrx_word' id='word_1_165' title='bbox 270 4021 371 4089; x_wconf 76' lang='lat' dir='ltr'><strong>statu</strong></span> <span class='ocrx_word' id='word_1_166' title='bbox 393 4013 456 4091; x_wconf 74' lang='lat' dir='ltr'><strong>vix</strong></span> <span class='ocrx_word' id='word_1_167' title='bbox 480 4017 715 4126; x_wconf 86' lang='lat' dir='ltr'><strong>conspicuae</strong></span> <span class='ocrx_word' id='word_1_168' title='bbox 740 4021 826 4108; x_wconf 85' lang='lat' dir='ltr'><strong>sint,</strong></span> <span class='ocrx_word' id='word_1_169' title='bbox 852 4036 890 4097; x_wconf 88' lang='lat' dir='ltr'><strong>et</strong></span> <span class='ocrx_word' id='word_1_170' title='bbox 909 4035 1002 4096; x_wconf 73' lang='lat' dir='ltr'><strong>stum</strong></span> <span class='ocrx_word' id='word_1_171' title='bbox 1027 4020 1189 4096; x_wconf 86' lang='lat' dir='ltr'><strong>nonnisi</strong></span> <span class='ocrx_word' id='word_1_172' title='bbox 1211 4043 1295 4094; x_wconf 91' lang='lat' dir='ltr'><strong>ver-</strong></span> 
     </span>
     <span class='ocr_line' id='line_1_31' title="bbox 268 4125 1293 4212; baseline 0.007 -12"><span class='ocrx_word' id='word_1_173' title='bbox 268 4125 405 4204; x_wconf 85' lang='lat' dir='ltr'><strong>rucula</strong></span> <span class='ocrx_word' id='word_1_174' title='bbox 430 4144 595 4209; x_wconf 89' lang='lat' dir='ltr'><strong>notatae.</strong></span> <span class='ocrx_word' id='word_1_175' title='bbox 643 4136 750 4211; x_wconf 85' lang='lat' dir='ltr'><strong>llaec</strong></span> <span class='ocrx_word' id='word_1_176' title='bbox 774 4133 868 4211; x_wconf 81' lang='lat' dir='ltr'><strong>solia</strong></span> <span class='ocrx_word' id='word_1_177' title='bbox 893 4135 1014 4212; x_wconf 86' lang='lat' dir='ltr'><strong>incisa</strong></span> <span class='ocrx_word' id='word_1_178' title='bbox 1041 4133 1119 4209; x_wconf 90' lang='lat' dir='ltr'><strong>dici</strong></span> <span class='ocrx_word' id='word_1_179' title='bbox 1139 4157 1293 4208; x_wconf 88' lang='lat' dir='ltr'><strong>meren-</strong></span> 
     </span>
    </p>
   </div>
   <div class='ocr_carea' id='block_1_6' title="bbox 0 0 1424 4870">
    <p class='ocr_par' dir='ltr' id='par_1_8' title="bbox 0 0 1424 4870">
     <span class='ocr_line' id='line_1_32' title="bbox 0 0 1424 4870; baseline 0 0"><span class='ocrx_word' id='word_1_180' title='bbox 0 0 1424 4870; x_wconf 95' lang='lat' dir='ltr'><strong> </strong></span> 
     </span>
    </p>
   </div>
  </div>
 </body>
</html>
