2836 4878
486 376 773 454 rnncrns.
889 471 891 482 J
1068 371 1180 448 sas*

122 577 330 656 columella
367 581 507 679 (liger
546 605 584 681 p.
619 577 729 680 225.)
767 597 869 676 quae
906 577 1144 652 structuram

120 693 353 796 receptaculi
392 694 521 770 habet.
589 691 734 768 Semen
768 689 882 766 Cirsii
915 689 957 763 in
990 691 1144 790 pedun-

120 805 257 883 culum
282 809 432 898 abiisse,
455 831 633 909 pappum
658 807 701 880 in
725 801 1045 905 peranthodium,
1070 819 1145 902 sty-

119 918 181 997 los
205 923 248 997 in
272 922 465 1010 bracteas,
502 922 649 998 corolla
681 943 766 996 non
791 933 939 995 mutata
965 920 1146 996 observa·

118 1034 174 1110 vit
200 1036 351 1112 Cassini
377 1037 537 1135 (Journ.
564 1037 600 1112 d.
625 1037 738 1134 Phys.
766 1039 809 1109 Τ.
834 1039 892 1110 89.
917 1061 953 1136 p.
979 1034 1096 1130 lot).

216 1155 383 1228 Fructus
416 1151 523 1228 Cacti
561 1151 760 1253 Opuntiae
800 1147 1031 1248 praesertim
1070 1150 1146 1226 im·

118 1265 265 1340 maturi
306 1278 431 1340 terrae
467 1265 686 1366 implantati
720 1258 915 1340 radiculas
947 1278 1069 1362 agunt
1106 1279 1147 1350 et
1208 1254 1210 1260 ’

120 1380 274 1456 caulem
299 1379 484 1454 emittunt
508 1379 645 1477 (liger
666 1403 705 1480 p.
730 1378 848 1476 228).
931 1429 936 1436 -
1006 1429 1009 1436 -

215 1492 310 1568 Flos
351 1489 556 1568 interdum
604 1493 696 1568 loco
737 1487 890 1568 fructus
929 1491 1145 1568 bulbillum

116 1605 284 1708 profert,
316 1605 429 1707 quod
462 1606 745 1707 anamorphosi
771 1607 938 1682 naturali
963 1606 1007 1680 in
1031 1607 1145 1682 variis

117 1721 227 1798 Alliis
253 1721 430 1808 obtinet,
447 1711 491 1796 in
515 1717 598 1797 Poa
622 1719 791 1818 vivipara
816 1717 1041 1798 monstrosa
1069 1720 1146 1797 fre-

118 1849 287 1936 quenter
311 1834 397 1910 ficri
423 1833 533 1922 solet,
557 1835 600 1908 in
627 1833 751 1909 Crino
776 1834 1000 1923 bracteam,
1016 1836 1145 1912 Trifo-

117 1948 255 2049 lioque
279 1961 441 2050 repente
467 1946 631 2048 aliisque
662 1946 859 2024 rarissime
894 1951 1145 2028 observatum

118 2076 178 2140 est
201 2065 341 2161 (liger
363 2089 400 2164 p.
424 2061 543 2159 231).
652 2062 654 2068 ’

118 2219 220 2352 187.
292 2264 466 2374 Semen*
494 2274 692 2352 constat
735 2249 803 2358 ,ἐκ
854 2220 1146 2383 embryone,

177 2401 512 2520 perispermio
545 2430 634 2490 seu
663 2402 920 2516 albumine
947 2419 997 2494 et
1026 2405 1146 2494 duod

179 2541 273 2630 bus
294 2541 660 2656 integumentis,
688 2570 990 2664 semperque
1011 2545 1146 2664 intra

177 2681 520 2803 pericarpium
555 2683 817 2810 enascitur.
1066 2683 1069 2690 ’
1138 2678 1142 2690 ”

212 2851 389 2949 Embryo
403 2852 446 2926 in
463 2851 614 2928 semine
627 2851 745 2928 fertili
758 2867 797 2930 ct
808 2851 1022 2932 fecundato
1041 2879 1145 2932 sem-

116 2991 189 3069 per
205 2963 324 3053 adest,
340 2966 383 3040 in
399 2989 484 3042 non
502 2963 714 3044 fecundato
736 2981 774 3042 et
798 2967 916 3044 sterili
935 2994 1051 3072 saepe
1077 2969 1144 3048 de-

86 3095 191 3177 cst,
223 3080 403 3182 quamvis
433 3081 610 3181 reliquae
633 3096 763 3183 partes
786 3081 980 3183 perfectae
1007 3084 1144 3160 adsint.

114 3193 325 3294 Ejusmodi
357 3193 533 3270 fructum
566 3221 651 3271 non
682 3193 941 3272 fecundatum
980 3198 1146 3296 Gycadis

115 3309 316 3384 revolutae
354 3307 562 3409 descripsit
597 3311 726 3386 Smith
765 3311 900 3408 (Linn.
948 3317 1144 3388 Transact.

116 3428 161 3499 T.
186 3428 219 3498 6.
244 3449 281 3525 p.
306 3425 423 3519 312);
452 3422 537 3522 ipse
563 3425 1042 3522 embryone'instructum
1074 3424 1148 3502 ob-

115 3539 261 3614 servavi
285 3537 328 3613 in
352 3538 576 3614 Mercuriali
602 3539 780 3640 elliptica.

211 3651 522 3752 Perispermium
556 3667 734 3755 estpars
767 3655 1028 3754 embryonem
1052 3675 1145 3758 pro-

115 3765 220 3840 xime
251 3779 402 3863 tegens,
440 3781 508 3842 aut
542 3767 618 3868 ipsi
654 3770 836 3871 proxime
870 3773 1065 3874 apposita,
1101 3771 1145 3844 in

116 3878 403 3977 germinatione
434 3879 546 3956 haud
578 3907 819 3973 excrescens,
861 3886 931 3961 sed
973 3886 1021 3960 ab
1064 3909 1149 3960 em·

114 3993 268 4090 bryone
310 4010 553 4072 excrescente
593 3997 795 4076 exhausta..
851 4001 1006 4076 Iussieu
1043 4001 1146 4103 peri·

115 4108 335 4209 spermium
357 4109 519 4200 vocavit,
537 4110 703 4188 nomine
719 4135 804 4189 non
822 4112 1034 4215 aptissimo,
1052 4139 1148 4190 cum·
