2848 4888
443 369 818 453 senuerunt.
1022 466 1024 476 ¹
1095 357 1150 456 tr

201 571 375 648 Ductus
414 567 740 669 intercedulares
765 579 892 658 uoco,
931 571 1001 672 qui
1027 571 1145 650 inter

114 684 243 760 series
284 683 515 763 cellularum
549 699 654 762 recta
692 683 950 773 descendunt,
985 684 1028 760 in
1060 709 1149 784 sog

113 813 262 876 mento
286 799 530 876 transversali
557 803 601 876 T
619 804 651 874 l.
667 797 692 874 f.
710 803 742 877 7.
768 798 857 876 ain
874 797 984 874 caule
1004 800 1144 877 Orchi

116 909 187 988 dis
235 911 421 992 latifoliae
467 912 678 1012 conspicui.
751 912 911 989 Materia
956 915 1154 1045 grumosa'

113 1044 243 1130 saepe
265 1025 397 1104 referti
427 1041 519 1103 sunt
547 1039 587 1102 et
617 1025 832 1126 asparagini
855 1025 1037 1156 principii
1061 1052 1145 1123 cry-

114 1139 246 1218 stallis
278 1124 511 1219 luculenter
520 1163 684 1240 quoque
707 1137 899 1241 projectis.
950 1138 1094 1218 Olim
1083 1165 1144 1218 ιιι-

115 1251 250 1330 dicavi
293 1253 531 1352 (Nachtrtige
567 1277 599 1329 z.
637 1251 692 1328 d.
706 1251 944 1332 Grundlehr.
981 1252 1074 1332 Hett
1107 1258 1143 1332 2.

111 1391 157 1467 p.
187 1365 284 1462 lt),
307 1381 395 1444 tum
418 1367 554 1442 Kieser
577 1367 747 1464 (Phytot
771 1393 808 1468 p.
833 1366 907 1463 te.)
934 1365 985 1444 de
1005 1367 1068 1444 his
1083 1368 1144 1445 lo·

114 1479 271 1580 quitur
295 1492 334 1556 at
369 1480 504 1556 minus
534 1479 653 1569 bene,
692 1480 765 1556 ubi
798 1479 956 1560 obscuri
985 1480 1143 1573 fuerint,

114 1598 212 1671 aere
235 1607 347 1695 putat
369 1591 553 1695 repletos.
598 1594 866 1672 Hellucinatus
888 1611 947 1672 est
959 1596 1144 1675 Molden-

111 1705 248 1786 bauer
279 1708 428 1804 (Beytr.
460 1732 497 1807 p.
529 1707 631 1803 lot)
664 1706 764 1784 dum
797 1733 890 1786 cum
913 1711 1075 1788 materia
1098 1712 1142 1788 in

113 1819 273 1898 cellulis
298 1831 481 1896 contenta
505 1817 722 1898 confimdit.

110 2042 202 2136 47.
258 2039 531 2134 Contextus
571 2042 834 2133 cellulosus
871 2059 957 2136 aut
981 2078 1141 2166 paren-

126 2185 340 2302 thyone
371 2179 513 2284 sistit,
558 2193 644 2272 aut
674 2189 1010 2306 proseuctpna,
1057 2181 1151 2277 aut·
1297 2291 1300 2298 ,

181 2357 290 2414 oasa
305 2321 500 2440 fibrosa.

216 2491 483 2596 Parencbyma
508 2515 530 2568 e
555 2491 703 2568 cellulis
728 2503 878 2568 constat
903 2485 970 2568 aut
992 2493 1141 2596 absque

115 2607 264 2686 ordine
305 2607 513 2702 congestis,
545 2605 686 2682 autin
717 2608 835 2718 series
861 2606 1076 2710 dispositis,
1103 2621 1142 2685 et
1297 2617 1305 2642 ‘

101 2719 287 2822 ‘quidem
316 2719 369 2794 ita
401 2733 448 2794 ut
475 2720 781 2796 extremitatibus
813 2719 1027 2822 deplanatis
1064 2721 1141 2798 sibi

113 2833 328 2934 impositae
359 2831 446 2906 sint.
505 2837 593 2908 Huc
624 2858 787 2934 quoque
818 2833 948 2910 refero
982 2834 1140 2910 cellulas

115 2947 305 3046 globosas
328 2943 371 3018 in
395 2945 512 3020 series
538 2944 753 3045 dispositas
805 2945 882 3023 Csr.
910 2951 954 3021 T.
974 2951 1006 3022 1.
1031 2946 1056 3023 s.
1083 2951 1141 3024 lt).

115 3063 192 3160 (er
225 3055 400 3135 Orchide
423 3055 626 3156 latifolia),
650 3057 676 3134 s.
701 3062 734 3134 4;
760 3057 805 3157 (e
829 3059 1036 3158 tegmentis
1051 3060 1139 3138 Pini

115 3173 287 3322 Strobi).
455 3199 462 3216 ’

10 3377 11 3382 ¹
150 3287 500 3390 ‘'Prosencltynm
530 3301 683 3365 constat
712 3313 734 3364 e
766 3287 913 3374 cellulis
952 3288 1139 3378 ortalibus,

25 3467 28 3472 .
116 3359 303 3500 oblongis
345 3415 383 3478 et
414 3402 712 3499 subcylindricis
743 3403 796 3480 ita
835 3402 1054 3505 dispositis,
1091 3417 1147 3490 ut,

115 3515 424 3606 extremitatibus
458 3517 535 3592 sibi
572 3539 656 3596 non
693 3516 707 3592 i
745 3517 903 3620 ¹positae
937 3516 1029 3605 sint,
1067 3516 1144 3609 sed,

115 3629 326 3730 appositae.
384 3625 463 3708 etr.
496 3635 541 3706 T.
575 3629 664 3708 1.t.
713 3632 793 3729 .(e
817 3631 1025 3728 tegmentis
1047 3631 1141 3712 Pini.

116 3743 295 3896 strobi),
322 3741 1000 3842 T1f2(altbr01³y1ttttali)
1063 3795 1067 3805 ι
1140 3821 1144 3832 ,

59 3863 89 3952 ᾗ
150 3857 316 3936 Vasa
332 3855 487 3960 fibrosa
518 3871 610 3934 sunt
645 3842 774 3934 tubuli
800 3856 1000 3954 cylindrici
1027 3857 1142 3944 elon-

114 3969 208 4066 gati,
254 3969 559 4050 extremitatibus
601 3971 676 4048 sibi
720 3971 906 4075 appositi,
949 3993 1024 4048 nec
1062 3972 1136 4048 im

115 4083 243 4182 positi.
