2852 4872
560 411 750 490 roms.
1102 409 1179 484 197·

141 607 314 684 recisum
355 608 478 703 (Aloe
513 581 686 707 retusa),
718 607 966 693 uncinatunt,
1001 603 1173 682 dolabri·

45 779 48 796 ,
141 717 271 796 forme
297 735 365 798 etc.

237 833 444 910 Interdum
471 835 746 921 succulentum
773 848 830 911 est
853 831 1008 919 solium,
1033 826 1170 908 simul·

142 971 220 1046 que
245 947 451 1035 mutilum,
478 973 509 1024 e.
535 959 570 1048 gl
586 950 627 1023 in
647 949 833 1050 Opuntiis
852 947 1014 1048 aliisque
1033 947 1169 1024 Cactis.

139 1061 374 1162 Praesertim
398 1061 441 1136 id
466 1061 553 1138 fieri
578 1062 679 1138 solet
702 1064 745 1137 in
772 1061 949 1140 caulibus
975 1059 1169 1136 subterra-

139 1174 241 1278 neiS,
268 1197 298 1248 e.
324 1198 357 1272 g.
382 1175 567 1270 Lathraea
595 1178 845 1280 Squamaria,
872 1173 1046 1254 Oxalide.
1169 1231 1174 1241 .

150 1369 156 1376 ,
236 1288 396 1365 Folium
446 1289 723 1364 succulentum
777 1286 1018 1392 plerumque
1074 1311 1167 1366 cum

141 1399 250 1474 caule
275 1400 504 1477 succulento
532 1399 802 1504 conjungitur,
834 1402 961 1479 rarius
986 1425 1079 1477 cum
1105 1425 1167 1477 ex-

87 1539 91 1544 ·
139 1537 274 1616 succo,
300 1537 331 1590 e.
357 1537 390 1614 g.
415 1515 458 1590 in
483 1516 685 1592 Passerina
710 1516 869 1594 hirsuta.

160 1691 163 1698 .
234 1626 395 1704 Folium
421 1652 636 1704 exsuccum
656 1644 836 1717 vocatur,
863 1623 975 1731 quod
1002 1627 1166 1730 diploen

138 1740 258 1816 habet
289 1754 444 1816 auctam
478 1755 516 1817 et
546 1766 759 1820 exsuccam.
817 1749 938 1820 Teres
969 1767 1084 1845 saepe
1110 1756 1168 1820 est

140 1855 357 1935 etvcaulem
382 1852 501 1931 refert
525 1855 567 1930 in
592 1859 724 1935 luncis
750 1856 932 1958 aphyllis,
965 1857 1166 1932 semiteres

137 1970 182 2044 in
215 1968 299 2044 aliis
331 1969 444 2044 Iunci
479 1970 698 2072 speciebus,
723 1985 834 2072 septo
859 1985 1079 2046 transverso
1107 1967 1166 2044 di-

139 2083 327 2158 stinctum
357 2083 563 2190 inlunem
595 2083 815 2161 articulatis.
872 2077 1080 2162 Interdum
1106 2079 1173 2174 di<

138 2196 233 2300 ploti
256 2193 411 2284 fatiscit,
449 2211 496 2273 ut
526 2197 670 2274 folium
703 2197 786 2288 lere
816 2196 1046 2274 fistulosum
1086 2193 1165 2284 fiat,

140 2325 179 2388 et
200 2308 416 2387 biloculare
440 2310 482 2384 in
507 2311 642 2386 Lobel.
666 2315 925 2387 Dortmanna.

197 2491 200 2500 .
237 2424 471 2528 Saepissime
503 2423 597 2506 folia
630 2427 797 2502 scariosa
823 2449 893 2500 seu
920 2422 1055 2526 diplot
1081 2448 1167 2499 eva·
1291 2415 1293 2422 ’

88 2573 92 2580 ·
138 2538 231 2614 nida
262 2537 381 2614 simul
414 2538 554 2615 mutila
588 2553 681 2616 sunt
713 2553 752 2615 et
774 2537 1039 2616 luscescentia.
1090 2544 1165 2615 Ta-

137 2651 189 2726 lia
220 2652 263 2726 in
294 2651 472 2727 caulibus
506 2651 768 2728 subterraneis
805 2675 889 2726 non
914 2676 1004 2728 raro
1032 2653 1165 2728 obser-

136 2779 295 2849 vantur;
320 2765 362 2838 in
387 2764 588 2840 umbrosis
620 2790 784 2868 quoque
816 2779 1039 2842 occurrunt.
1088 2769 1166 2841 Fo-

139 2877 243 2952 lium
276 2901 440 2978 quoque
473 2871 630 2954 evanuit
661 2893 701 2956 et
730 2879 787 2955 nil
818 2878 894 2953 nisi
917 2879 1054 2976 vagina
1079 2903 1167 2980 per·

138 2992 249 3078 stitit,
275 3015 306 3066 e.
333 3013 365 3087 g.
383 2992 426 3066 in
443 2991 668 3068 stolonibus
686 2992 834 3070 Garicis
850 2992 1047 3070 arenariae
1066 3007 1134 3070 etc.

233 3109 281 3182 ln
311 3107 515 3206 Asparagis
540 3105 596 3180 nil
614 3105 697 3180 «nisi
723 3106 858 3204 vagina
891 3106 1045 3194 restitit,
1069 3104 1166 3184 solia

136 3216 357 3294 fasciculata
375 3232 513 3320 utpote
526 3218 777 3320 pedunculos
789 3234 963 3296 mutatos
976 3217 1152 3296 fulciens.

232 3332 394 3408 Folium
431 3361 627 3410 acerosum
664 3349 723 3410 est
763 3357 989 3421 exsuccum,
1036 3332 1166 3409 nervis
1200 3433 1203 3438 Ι

137 3446 329 3551 parallelis
359 3471 432 3548 per
464 3447 646 3524 medium
672 3447 879 3544 diachyma
903 3446 1165 3550 percurrenti·

137 3557 228 3648 bus,
261 3575 300 3636 et
330 3561 520 3663 primario
555 3575 716 3663 excepto
750 3576 859 3638 extus
891 3585 977 3638 non
1010 3559 1166 3661 conspi·
1204 3555 1207 3562 ‘

138 3675 230 3750 cuis.
279 3675 515 3770 Fasciculata
541 3676 584 3752 in
605 3676 716 3772 ¹Pinis
741 3677 816 3753 sibi
850 3675 1027 3778 apposita
1059 3673 1166 3776 pyxi-

138 3786 232 3864 dem
265 3791 527 3884 constituunt,
562 3790 690 3890 qualis
709 3791 872 3890 *integra
902 3811 1063 3868 ramum
1094 3787 1166 3864 Ca·

137 3903 318 3980 suarinas
359 3905 494 4004 cingit,
543 3928 658 3980 ramo
699 3905 742 3980 in
782 3904 904 3983 Pinis¹
933 3900 1166 4002 oblitterato,

136 4015 250 4095 Folia
273 4017 412 4096 Piceae
436 4031 529 4100 sunt
551 4014 775 4096 tascieutata
800 4031 839 4098 et
863 4028 1041 4094 connata.
