2838 4874
391 445 394 450 ,
449 355 816 445 eaotoema.
1069 357 1173 474 ιιι,

120 561 205 638 rius
228 557 377 636 semina
401 557 616 660 perficiant.
663 557 833 633 Drosera
858 555 1060 634 lusitanice
1081 558 1144 634 in·

120 689 179 752 tra
210 674 354 772 limites
385 671 498 748 valde
537 683 742 769 angustos,
780 670 958 772 locisque
983 674 1144 774 sparsis
1218 711 1223 728 =

120 789 163 863 in
194 789 318 890 patria
347 786 530 862 nascitur.
562 788 628 888 ,At
652 807 834 884 magnam
861 783 1018 887 copiam
1041 784 1149 862 indi-

119 900 336 979 viduorum
360 899 615 1005 perlustranti!
635 923 719 976 non
743 898 854 976 licuit
883 899 1033 982 semina
1055 924 1148 1002 per-

119 1013 219 1094 fecta
246 1031 284 1095 et
306 1031 461 1120 matura
484 1013 670 1092 invenire.

171 1209 175 1222 ,
216 1132 366 1208 Cautus
396 1131 517 1230 igitur
548 1127 599 1204 sis
629 1128 673 1204 in
702 1127 1004 1228 migrationibus
1033 1127 1149 1234 plan-

118 1260 251 1324 tarum
277 1242 595 1338 determinandis,
619 1267 672 1319 ne
696 1268 798 1349 quae
815 1243 1032 1345 primitivae
1051 1237 1164 1346 pro?

120 1359 262 1437 ductae
285 1357 434 1437 fuerint
457 1356 612 1461 plantae
636 1382 710 1459 pro
735 1357 910 1456 migratis
933 1358 1088 1436 habeas
1161 1351 1164 1358 ’

119 1671 221 1766 234.
282 1675 554 1763 Mutationes
588 1643 856 1822 plantarum
912 1677 1147 1763 varietates
1173 1768 1190 1790 Μ

145 1814 578 1904 constituunt

214 2038 410 2137 Historiae
440 2037 647 2116 botanicae
680 2051 738 2115 est
775 2035 993 2140 disquirere
1025 2060 1147 2145 quae·

118 2131 214 2228 nam
245 2153 401 2257 plantae
434 2151 485 2232 ad
510 2150 679 2230 eandem
702 2142 932 2229 referendae
957 2151 1035 2228 sint
1058 2175 1146 2254 spe·

119 2267 237 2355 ciem,
270 2290 467 2368 quaenam
496 2265 699 2369 varietates
730 2264 851 2396 unius
861 2263 1146 2378 ejusdemque

7 2413 11 2432 ·
118 2380 291 2485 speciei
288 2381 536 2457 constituant

202 2499 321 2574 Sunt
348 2483 566 2583 varietates,
600 2517 702 2595 quae
733 2491 816 2570 fere
848 2520 1005 2600 semper
1028 2491 1147 2576 semi·

118 2609 238 2688 nibus
276 2623 588 2722 propagentur,
586 2608 666 2682 uti
707 2609 909 2687 varietates
949 2611 1147 2703 Brassicae

120 2724 335 2812 oleraceae,
368 2733 462 2800 sunt
494 2746 594 2823 quae
620 2745 749 2824 saepe
760 2705 978 2835 seminibus
1003 2752 1147 2828 propa·

118 2852 276 2946 geratur,
306 2838 365 2942 uti
395 2837 541 2928 Asteris
578 2836 793 2926 chinensis,
826 2852 919 2917 sunt
951 2865 1053 2943 quae
1086 2865 1148 2916 ra·

118 2935 528 3048 quaesieramus
554 2949 745 3030 arborum
761 2935 1068 3060 pomiferarum.

7 3061 9 3066 ’
114 3165 117 3173 1
214 3071 263 3144 ln
298 3063 433 3176 hortis
470 3065 663 3143 botanicis
703 3064 848 3142 multas
891 3091 975 3143 esse
1016 3079 1148 3145 enatas

119 3181 283 3283 species,
327 3203 429 3280 quae
471 3203 580 3257 nunc
620 3167 840 3257 seminibus
869 3193 1150 3284 propagantur,

119 3293 279 3371 nullum
305 3292 477 3378 dubium
503 3306 586 3372 est
618 3292 874 3394 ziziphoram
889 3291 1150 3404 dasyantham
1179 3304 1183 3312 “

119 3408 161 3482 in
192 3406 311 3483 horto
342 3407 577 3509 perplures
608 3408 824 3486 habuimus
857 3427 998 3494 annom
1039 3431 1149 3488 nunc

119 3544 213 3608 vero
244 3543 393 3600 novam
423 3519 599 3632 formam
629 3519 779 3610 induit
809 3523 863 3598 ita
892 3526 1003 3600 ιιιΖ.Ι
1028 3507 1149 3596 inter·
1195 3537 1197 3540 ·

118 3632 295 3720 mediam
318 3625 575 3714 vocaverim
608 3635 730 3714 Ribes
755 3625 969 3738 alpinum
958 3657 1001 3711 m
1025 3633 1147 3714 horto

120 3729 359 3844 singularem
383 3746 558 3826 formam
583 3749 774 3854 adeptum
799 3764 866 3860 est,
881 3763 928 3825 ιιι
941 3747 1149 3850 propriam

120 3859 265 3936 dixeris
289 3862 470 3964 speciem.

216 3973 444 4052 Plantarum
478 3976 674 4056 cultarum
704 3967 869 4077 historia
892 3976 1028 4052 minus
1052 3989 1147 4054 nota

120 4101 194 4175 est
225 4101 285 4164 el
283 4113 412 4198 Saepe
441 4113 688 4202 lgent-‘aptus
719 4114 918 4196 quaenam
950 4090 1000 4170 Sit
1031 4091 1147 4194 Slll'pS
