2852 4872
283 316 359 456 m
570 377 1017 454 INTEGUMENTA.

246 979 283 1056 .·
610 919 614 929 ·
710 863 876 1007 un.

353 1184 358 1218 2
515 1097 1062 1210 mandentum.
1205 1165 1214 1184 .-

282 1493 382 1584 133.
442 1493 686 1609 Epidenm's
727 1506 801 1582 est
847 1493 1084 1583 extimum
1123 1517 1298 1608 paren·

343 1630 586 1750 chymatis
632 1641 861 1736 stratum,
907 1657 1083 1720 omnes
1129 1643 1296 1748 partes

311 1771 539 1896 ,plantae
572 1783 755 1886 tegens.
1254 1769 1257 1774 ’

360 1917 599 2042 ¹Epidermis
631 1939 750 2037 vulgo
781 1953 943 2014 vocatur
971 1937 1014 2012 id
1048 1937 1211 2012 stratum
1236 1959 1297 2011 er-

277 2051 424 2128 timtun
447 2051 864 2153 perenchymatosum,
889 2051 1001 2152 quod
1027 2045 1185 2147 deglubi
1209 2065 1295 2152 pot-

179 2215 182 2222 ·
278 2181 347 2240 est
396 2168 445 2241 At
468 2166 511 2239 in
536 2165 676 2266 pagina
700 2164 893 2241 foliorum
918 2165 1120 2265 superiore
1145 2161 1296 2264 epider·

278 2279 355 2354 mis
388 2277 566 2353 distincta
598 2293 773 2380 apparet,
805 2301 1046 2379 quamquam
1082 2301 1196 2376 saepe
1228 2275 1296 2351 do

279 2391 387 2488 glnbi
411 2405 588 2489 nequeat
636 2397 729 2468 Non
755 2391 979 2490 deglubitur
1011 2389 1294 2492 epidermis,si

278 2504 396 2579 nimis
420 2501 587 2579 firmiter
611 2499 819 2581 adhaeret(
1216 2533 1219 2544 ’

296 2656 300 2670 ·
340 2659 343 2666 λ
372 2615 500 2692 Facile
528 2633 731 2718 separatur
765 2616 975 2719 epidermis
1011 2617 1053 2690 in
1091 2617 1199 2692 caule
1234 2614 1316 2714 ju-.

278 2731 405 2818 aiore,
439 2729 630 2806 soliorum
662 2731 803 2832 pagina
828 2730 1032 2816 inferiore,
1058 2730 1202 2828 calyce,
1227 2753 1292 2805 coe

276 2843 394 2931 rolla,
427 2844 602 2942 germine
634 2841 806 2941 juniore,
836 2847 971 2921 minus
1002 2844 1104 2919 bene
1130 2856 1196 2918 aut
1220 2843 1292 2917 mi-

276 2959 384 3032 nime
408 2957 450 3032 in
474 2959 614 3058 pagina
635 2955 831 3042 soliorum
856 2957 1081 3058 superiore,
1106 2957 1290 3053 stigmate,

275 3067 408 3146 fructu
438 3085 594 3145 maturo
622 3072 731 3147 corio
758 3071 861 3147 duro
888 3068 1057 3153 amicto,
1071 3082 1139 3143 aut
1163 3069 1288 3144 multo

277 3181 437 3258 duriore
463 3183 598 3258 saltem
624 3209 745 3284 quam
769 3184 898 3284 pulpa.

369 3295 574 3370 Interdum
608 3297 770 3373 cellulae
805 3296 848 3369 in
878 3294 1002 3369 stratis
1034 3294 1290 3370 exterioribus

275 3433 296 3481 a
328 3405 475 3481 cellulis
507 3410 759 3486 interioribus
784 3406 931 3495 forma,
955 3403 1226 3505 magnitudine
1251 3419 1290 3480 et

274 3520 352 3594 situ
377 3519 582 3609 differunt,
608 3523 720 3624 quod
744 3522 786 3596 in
811 3519 925 3608 foliis,
949 3519 1203 3621 partibusque
1226 3516 1288 3592 fo·-

273 3632 402 3708 liaceis
428 3633 579 3735 optime'
602 3635 826 3736 conspicere
849 3634 948 3709 licet.
999 3630 1077 3707 Sed
1103 3631 1157 3706 ob
1186 3629 1287 3705 hanc

274 3745 535 3822 differentiam
567 3772 649 3824 non
682 3773 836 3850 semper
869 3746 1111 3844 deglubitur,
1142 3743 1201 3818 uti
1233 3741 1289 3816 vi-

273 3859 479 3934 demusin
503 3861 643 3960 pagina
668 3859 859 3938 foliorum
883 3858 1094 3960 superiore.

229 4003 231 4008 ·
368 3973 608 4050 Cellularum
632 3973 760 4052 forma
785 3974 887 4050 varia
909 3985 975 4058 est,
992 3969 1173 4057 rotunda,
1191 3992 1285 4073 qua-

273 4083 528 4182 drangularis,
553 4089 818 4188 sexangularis.
867 4084 1063 4162 Parietum
1088 4083 1283 4180 margines
