2836 4878
235 355 330 438 'aas
475 435 477 438 ,
678 305 902 436 asos.¹

257 558 419 656 lignosis
459 581 683 633 connexum
720 569 794 645 est,
834 569 874 634 et
905 551 1098 653 stigmatis
1125 575 1277 630 nomen

256 673 401 749 merito
426 673 544 747 babet
569 671 790 768 stylostegii.

327 785 569 884 ⁴Glandulas
605 807 699 872 esse
746 781 998 865 antberarum
1049 778 1276 856 rudi-menta
1357 780 1360 785 ’

254 926 340 978 non
365 899 516 985 dubito,
539 897 669 974 forma
686 896 884 974 simillima
902 920 1119 999 persuasus.
1170 895 1276 968 Con-

252 1014 354 1091 cedo
385 1014 546 1089 bursam
577 1011 841 1114 polliniferam
878 1013 928 1088 ¹ab
967 1012 1028 1087 his
1059 1019 1277 1111 separatam

254 1153 353 1216 esse,
371 1127 581 1202 antheram
606 1118 730 1201 serius
754 1124 935 1213 formari,
961 1125 1130 1226 stipitem
1156 1123 1276 1196 i‘nter-

252 1242 439 1320 medium
473 1262 511 1316 e·
531 1239 692 1316 dnobus
726 1261 808 1314 esse
842 1239 1039 1319 coalitum.
1082 1232 1275 1322 *Atride-

252 1379 343 1432 mus
377 1356 651 1452 embryonem,
683 1353 752 1454 qui
784 1352 877 1428 alias
909 1353 952 1426 in
987 1350 1189 1426 albumine
1212 1371 1274 1422 re·

252 1469 437 1547 conditus
475 1481 546 1557 est,
583 1469 632 1542 in·
664 1467 919 1543 Graminibus
948 1465 1052 1564 juxta
1078 1465 1272 1566 positum,

250 1575 433 1662 videmus
462 1583 504 1658 in
537 1586 647 1680 Pago·
676 1580 775 1656 dum
799 1579 933 1678 junior
957 1595 1014 1656 est
1036 1578 1140 1678 juxta
1164 1577 1272 1679 posi-

250 1713 348 1786 tum,
366 1697 458 1773 dein
475 1696 576 1772 intra
593 1696 779 1771 albumen
803 1707 1019 1794 receptum.
1053 1691 1270 1768 Br'ownius

192 1881 195 1891 ,
249 1807 338 1915 ipse
369 1812 523 1913 primus
560 1811 709 1887 semina
746 1807 845 1884 vidit
883 1821 1019 1908 aperto
1050 1805 1268 1908 pericarpio

250 1940 455 2030 prorata,¹
488 1925 541 2001 ita
596 1939 642 2000 ιιι
690 1921 804 2024 quod
850 1921 1122 2018 integumento
1171 1931 1271 1996 essm

249 2042 499 2129 destinatum,
527 2038 787 2138 integumenti
815 2035 1063 2112 functionem
1091 2058 1176 2110 non
1200 2033 1269 2108 ha-

247 2156 349 2233 beat.
1195 2175 1199 2187 ’

344 2266 555 2345 Mirbelius
585 2263 787 2364 glandulas
823 2264 1046 2340 retinacula
1068 2277 1181 2344 vocat
1197 2262 1266 2338 ‘ob

249 2379 585 2482 comparationem
611 2385 703 2454 cum
728 2377 949 2453 retinaculis
966 2376 1266 2463 Orchidearum,

247 2499 320 2570 ne'c
344 2493 456 2567 male.
505 2497 555 2568 Aa
577 2483 851 2568 formentinis
877 2491 1082 2593 discrepat

119 2617 122 2624 “
253 2651 255 2660 ·
343 2604 568 2693 Pollinaria,
601 2630 713 2705 quac*
732 2607 884 2694 rocam,
917 2607 961 2680 in
992 2604 1265 2706 hisceplantis

248 2747 270 2798 e
291 2726 477 2798 'contextu
502 2719 690 2796 celluloso
717 2720 935 2819 composita
960 2727 1060 2809 su'nt,
1084 2745 1156 2796 seu
1180 2743 1264 2818 gra·

188 2879 192 2886 ·
245 2835 352 2910 nulis
367 2833 525 2934 pollinis
550 2848 609 2909 sat
623 2833 854 2935 conspicuis.
910 2829 1098 2918 Colorem
1116 2833 1265 2910 flavum

244 2949 392 3024 habent
439 2947 497 3022 uti
545 2946 674 3024 solent
714 2947 875 3048 pollinis
919 2944 1089 3046 grauma.
1161 2948 1263 3024 Hinc

243 3061 478 3164 papillarum
491 3062 612 3137 instar
621 3062 912 3162 prominentiae
928 3055 1235 3163 conspiciuntur.

340 3179 387 3252 In
419 3177 551 3262 Zamia
576 3175 862 3276 simplicissima
886 3175 1138 3252 antherarum
1162 3189 1263 3250 stru-

245 3301 352 3363 ctura
392 3303 456 3363 est.
518 3291 709 3365 Constant
740 3313 791 3365 «ex
822 3288 911 3365 uno
938 3302 1108 3364 tantum.
1126 3288 1259 3365 loculo

243 3401 583 3500 longitudinaliter
618 3401 858 3491 dehiscente,
895 3426 950 3476 ne
979 3401 1140 3479 locellos
1174 3402 1260 3504 qui-

244 3514 337 3592 dem
363 3515 622 3592 admittente·
649 3521 696 3593 In
721 3539 908 3618 squamae
930 3515 1095 3618 peltatas
1118 3516 1258 3618 pagina

245 3629 432 3706 inferiore
464 3629 651 3727 gregatim
684 3644 752 3704 aut
777 3629 1132 3731 seriatimzpositae
1155 3645 1258 3718 sunt,

242 3745 354 3822 utin
380 3741 574 3821 Coniferis
600 3741 848 3844 quibusdam,
872 3743 1108 3820 indurantur
1133 3757 1171 3822 'et
1187 3744 1259 3822 diu

242 3859 461 3960 persistunt.
515 3857 655 3933 Pollen
687 3856 968 3954 conglobatum
1005 3883 1088 3934 non
1123 3860 1257 3936 minus

244 3973 426 4074 persistit,
453 3985 634 4048 constans
657 3995 680 4048 e
704 3970 876 4070 granulis
901 3959 1097 4072 oblongis,
1128 3975 1256 4049 omni-

242 4083 349 4174 b'usg
369 4100 572 4188 quantum-
591 4085 687 4174 vidi,
717 4086 816 4161 rima
842 4082 1141 4165 dehiscentibus
1189 4087 1256 4180 Vi·
