2836 4878
411 305 413 320 ἁ
445 371 811 452 vtoura'rto.
1063 374 1135 452 att

117 575 175 682 rit
195 577 443 671 Brugmanns
467 569 699 648 morbosam
723 593 806 648 esse
829 567 996 668 Hedwig
1020 567 1139 646 adfir-
1166 632 1169 639 .

119 702 202 782 mat
213 684 472 788 (Humboldts
483 684 705 788 Aphorism.
722 706 753 759 a.
771 682 807 758 d.
822 683 947 766 ehem.
966 682 1136 781 Physiol.

119 831 157 906 p.
195 801 308 901 181).
367 800 432 876 Fit
467 824 560 876 sane
598 795 793 895 ejusmodi
832 797 1004 884 secretio,
1041 821 1133 874 nam

120 941 277 1019 semper
317 913 482 990 librillae
521 911 662 988 radicis
697 910 885 988 humidae
925 924 1025 988 sunt
1089 914 1141 989 At

117 1039 220 1132 ‘puto
257 1027 534 1108 secretionem·
551 1026 664 1104 istaut
706 1023 757 1102 ad
803 1024 1139 1126 praeparationem

120 1145 304 1226 humans
328 1141 523 1246 pertinere
548 1139 616 1241 qui
640 1139 868 1216 resorbetur
890 1139 1021 1237 (199).

121 1302 125 1314 ·
188 1271 190 1276 ’
222 1256 331 1345 Sola,
372 1254 445 1334 uti.
470 1253 627 1332 videtur
667 1266 705 1330 et
743 1276 833 1328 vera
874 1253 1040 1331 excretio
1083 1267 1141 1333 est

122 1367 382 1471 transpiratio.
432 1367 813 1470 Transpirationem‚
846 1391 967 1468 quam
991 1381 1140 1454 vocant,

123 1483 393 1562 insensibilem
416 1483 459 1560 in
483 1481 624 1584 plantis
649 1479 734 1558 steri
761 1481 1033 1583 experimentis
1048 1507 1142 1582 pro·-
1264 1525 1266 1534 ·

122 1596 230 1687 bavit
258 1597 374 1674 Hales
399 1594 611 1695 (Vegetabl.
638 1593 1056 1672 Statics.Lond.1738.
1080 1596 1142 1693 8),

23 1715 29 1720 '
124 1711 272 1811 quibus
297 1709 390 1788 dein
415 1710 538 1788 multa
556 1708 629 1786 alia
651 1707 892 1788 addiderunt
906 1709 1142 1807 Physiologi.

124 1825 238 1902 Varia
264 1837 322 1900 est
345 1822 566 1900 secundum
591 1845 822 1922 compagem
840 1836 878 1900 et
893 1819 1144 1923 superficiem
1267 1811 1270 1820 ’

104 1935 331 2026 italiorum,
357 1937 411 2012 sic
434 1935 605 2014 Brassica
629 1936 753 2034 magis
776 1935 993 2037 transpirat,
1021 1957 1143 2036 quam

126 2051 266 2128 Citrus.
328 2049 559 2128 Helianthus
589 2073 746 2126 annuus
784 2047 991 2126 altitudine
1020 2048 1144 2126 trium

124 2163 276 2266 pedum
306 2165 406 2242 intra
432 2166 481 2239 12
502 2164 621 2242 horas
644 2162 785 2239 libram
812 2175 850 2238 et
873 2164 896 2239 l
919 2187 1010 2238 unc.
1031 2162 1145 2239 exha-

121 2277 216 2358 lauit
247 2277 293 2358 in
317 2277 460 2357 Halesii
483 2276 768 2378 experimentis.
816 2275 898 2352 Diu
922 2275 1026 2356 etin
1049 2275 1144 2353 solis

101 2390 255 2468 'radiis
274 2390 369 2494 plus
404 2391 587 2468 humoris
624 2389 802 2468 exhalant
831 2389 985 2492 plantae
1022 2415 1144 2492 quam

125 2519 250 2582 noctu
264 2547 266 2556 v
279 2519 318 2584 et
346 2519 526 2606 tempore
557 2503 712 2592 nubilo,
745 2529 828 2605 quo
852 2502 1045 2602 majorem
1069 2503 1144 2580 hu-

125 2620 251 2696 morls
294 2619 449 2720 copiam
491 2618 687 2718 recipiunt
722 2617 937 2716 (Senebier
975 2615 1145 2716 Physiol.

124 2756 208 2830 reg.
241 2737 286 2809 T.
317 2734 350 2808 l.
374 2759 410 2833 p.
435 2732 528 2830 511).
578 2729 806 2808 Differentia
832 2733 872 2808 in
898 2755 1011 2807 ramo
1036 2729 1144 2808 Rubi

123 2845 229 2923 idaei
255 2859 335 2922 erat
360 2850 413 2921 18
431 2869 583 2943 granor.
608 2843 746 2943 (itia).
783 2848 1006 2922 Humorem
1032 2846 1146 2922 emis·
1197 2892 1206 2910 κ.

126 2982 217 3034 sum
243 2982 327 3035 non
360 2983 442 3036 esse
476 2983 618 3059 aquam
643 2958 894 3060 purissimam
926 2958 1036 3034 idem
1067 2961 1147 3035 llus
1264 3054 1266 3058 ι

122 3085 214 3150 ,otor
237 3070 429 3152 adfirmat
915 3079 919 3090 ’
1132 3099 1136 3107 ·

145 3255 148 3260 .
217 3189 352 3274 Musa,
406 3184 582 3286 aliaeque
628 3183 783 3288 plautae
835 3185 988 3284 magnis
1041 3181 1147 3261 soliis

121 3297 334 3398 praeditae,
365 3299 407 3378 in
439 3298 567 3378 calore
597 3313 724 3398 guttas
753 3321 877 3401 aquae
895 3323 948 3376 ex
972 3298 1147 3400 apiclbus'

125 3409 319 3488 soliorum
356 3411 546 3500 fundunt,
579 3412 764 3515 quonia
797 3411 974 3490 caldariis
1005 3411 1147 3514 saepis*

128 3523 226 3600 sime
257 3525 466 3606 observare
494 3525 593 3604 licet
649 3530 751 3606 Rem
782 3526 936 3628 primus
963 3525 1150 3602 indicavit
1257 3546 1259 3551 ·

127 3633 365 3846 Biepllrapder
388 3639 600 3738 (Vetenst
618 3639 748 3720 brad.
779 3643 893 3740 Ilgar.
919 3644 1023 3719 1773.
1048 3643 1089 3716 Ρ.
1115 3641 1148 3714 t

127 3775 166 3850 p.
214 3795 281 3825 v..
1134 3813 1138 3822 ,

85 3943 87 3948 ‘
129 3939 236 4038 206..
296 3941 469 4037 staua
493 3944 782 4062 plantarum
812 3943 915 4034 vim
949 3920 1150 4039 sanim

151 4147 152 4156 a
191 4088 433 4178 excitantes
474 4096 591 4176 sunt
630 4083 928 4205 praesertim
968 4083 1152 4223 lumen
