<?xml version="1.0" encoding="UTF-8"?>
<!DOCTYPE html PUBLIC "-//W3C//DTD XHTML 1.0 Transitional//EN"
    "http://www.w3.org/TR/xhtml1/DTD/xhtml1-transitional.dtd">
<html xmlns="http://www.w3.org/1999/xhtml" xml:lang="en" lang="en">
 <head>
  <title>
</title>
<meta http-equiv="Content-Type" content="text/html;charset=utf-8" />
  <meta name='ocr-system' content='tesseract 3.04.00' />
  <meta name='ocr-capabilities' content='ocr_page ocr_carea ocr_par ocr_line ocrx_word'/>
</head>
<body>
  <div class='ocr_page' id='page_1' title='image "./elementaphiloso00linkgoog_0109.png"; bbox 0 0 2840 4878; ppageno 0'>
   <div class='ocr_carea' id='block_1_1' title="bbox 250 343 1112 430">
    <p class='ocr_par' dir='ltr' id='par_1_1' title="bbox 250 343 1112 430">
     <span class='ocr_line' id='line_1_1' title="bbox 250 343 1112 430; baseline -0.014 0"><span class='ocrx_word' id='word_1_1' title='bbox 250 355 334 430; x_wconf 70' lang='lat'><strong>1⁰0¹</strong></span> <span class='ocrx_word' id='word_1_2' title='bbox 569 343 947 426; x_wconf 85' lang='lat' dir='ltr'><strong>STRUCTURA·</strong></span> <span class='ocrx_word' id='word_1_3' title='bbox 1109 369 1112 374; x_wconf 88' lang='lat'>·</span> 
     </span>
    </p>
   </div>
   <div class='ocr_carea' id='block_1_2' title="bbox 249 537 1279 1444">
    <p class='ocr_par' dir='ltr' id='par_1_2' title="bbox 249 537 1279 1444">
     <span class='ocr_line' id='line_1_2' title="bbox 250 537 1277 640; baseline -0.019 -6"><span class='ocrx_word' id='word_1_4' title='bbox 250 545 575 640; x_wconf 71' lang='lat' dir='ltr'><strong>sanassent.)</strong></span> <span class='ocrx_word' id='word_1_5' title='bbox 601 567 624 624; x_wconf 87' lang='lat' dir='ltr'><strong>e</strong></span> <span class='ocrx_word' id='word_1_6' title='bbox 648 537 996 622; x_wconf 76' lang='lat' dir='ltr'><strong>celladis&#39;oriunda</strong></span> <span class='ocrx_word' id='word_1_7' title='bbox 1019 539 1063 616; x_wconf 87' lang='lat' dir='ltr'><strong>in</strong></span> <span class='ocrx_word' id='word_1_8' title='bbox 1078 561 1169 617; x_wconf 87' lang='lat' dir='ltr'><strong>vasa</strong></span> <span class='ocrx_word' id='word_1_9' title='bbox 1184 561 1277 616; x_wconf 88' lang='lat' dir='ltr'><strong>mu·-</strong></span> 
     </span>
     <span class='ocr_line' id='line_1_3' title="bbox 249 653 1278 760; baseline -0.017 -15"><span class='ocrx_word' id='word_1_10' title='bbox 249 668 348 746; x_wconf 89' lang='lat' dir='ltr'><strong>tatis.</strong></span> <span class='ocrx_word' id='word_1_11' title='bbox 410 661 489 742; x_wconf 82' lang='lat' dir='ltr'><strong>cfr.</strong></span> <span class='ocrx_word' id='word_1_12' title='bbox 526 671 565 739; x_wconf 87' lang='lat' dir='ltr'><strong>et</strong></span> <span class='ocrx_word' id='word_1_13' title='bbox 596 684 634 760; x_wconf 88' lang='lat' dir='ltr'><strong>p.</strong></span> <span class='ocrx_word' id='word_1_14' title='bbox 664 661 723 735; x_wconf 67' lang='lat'><strong>68</strong></span> <span class='ocrx_word' id='word_1_15' title='bbox 757 669 796 732; x_wconf 90' lang='lat' dir='ltr'><strong>et</strong></span> <span class='ocrx_word' id='word_1_16' title='bbox 828 653 951 754; x_wconf 84' lang='lat' dir='ltr'><strong>ejusd.</strong></span> <span class='ocrx_word' id='word_1_17' title='bbox 981 657 1122 753; x_wconf 80' lang='lat' dir='ltr'><strong>Beytr.·</strong></span> <span class='ocrx_word' id='word_1_18' title='bbox 1144 680 1182 755; x_wconf 88' lang='lat' dir='ltr'><strong>p.</strong></span> <span class='ocrx_word' id='word_1_19' title='bbox 1218 657 1278 730; x_wconf 89' lang='grc'><strong>22</strong></span> 
     </span>
     <span class='ocr_line' id='line_1_4' title="bbox 249 769 1267 868; baseline -0.016 -8"><span class='ocrx_word' id='word_1_20' title='bbox 249 777 542 860; x_wconf 79' lang='lat' dir='ltr'><strong>Moldenhauer</strong></span> <span class='ocrx_word' id='word_1_21' title='bbox 556 769 836 848; x_wconf 78' lang='lat' dir='ltr'><strong>¹contractione</strong></span> <span class='ocrx_word' id='word_1_22' title='bbox 860 770 957 846; x_wconf 84' lang='lat' dir='ltr'><strong>oriri</strong></span> <span class='ocrx_word' id='word_1_23' title='bbox 982 771 1124 867; x_wconf 82' lang='lat' dir='ltr'><strong>(Beytr.</strong></span> <span class='ocrx_word' id='word_1_24' title='bbox 1138 793 1180 868; x_wconf 74' lang='lat' dir='ltr'><strong>p.</strong></span> <span class='ocrx_word' id='word_1_25' title='bbox 1195 770 1267 844; x_wconf 83' lang='grc'><strong>189</strong></span> 
     </span>
     <span class='ocr_line' id='line_1_5' title="bbox 251 881 1278 997; baseline -0.018 -25"><span class='ocrx_word' id='word_1_26' title='bbox 251 897 402 997; x_wconf 87' lang='lat' dir='ltr'><strong>seqq.),</strong></span> <span class='ocrx_word' id='word_1_27' title='bbox 435 888 499 967; x_wconf 93' lang='lat' dir='ltr'><strong>cui</strong></span> <span class='ocrx_word' id='word_1_28' title='bbox 523 885 660 963; x_wconf 88' lang='lat' dir='ltr'><strong>Kieser</strong></span> <span class='ocrx_word' id='word_1_29' title='bbox 673 881 853 960; x_wconf 78' lang='lat' dir='ltr'><strong>-adsentit</strong></span> <span class='ocrx_word' id='word_1_30' title='bbox 882 885 1057 982; x_wconf 81' lang='lat' dir='ltr'><strong>(Phytot</strong></span> <span class='ocrx_word' id='word_1_31' title='bbox 1087 909 1126 983; x_wconf 93' lang='lat' dir='ltr'><strong>p.</strong></span> <span class='ocrx_word' id='word_1_32' title='bbox 1164 881 1278 975; x_wconf 84' lang='lat'><strong>133.)&#39;.</strong></span> 
     </span>
     <span class='ocr_line' id='line_1_6' title="bbox 250 993 1279 1102; baseline -0.016 -15"><span class='ocrx_word' id='word_1_33' title='bbox 250 1010 362 1090; x_wconf 72' lang='lat' dir='ltr'><strong>Yasis</strong></span> <span class='ocrx_word' id='word_1_34' title='bbox 394 999 662 1102; x_wconf 84' lang='lat' dir='ltr'><strong>adjacentibus</strong></span> <span class='ocrx_word' id='word_1_35' title='bbox 695 1011 734 1074; x_wconf 95' lang='lat' dir='ltr'><strong>et</strong></span> <span class='ocrx_word' id='word_1_36' title='bbox 766 996 915 1073; x_wconf 89' lang='lat' dir='ltr'><strong>cellulis</strong></span> <span class='ocrx_word' id='word_1_37' title='bbox 947 997 1096 1074; x_wconf 89' lang='lat' dir='ltr'><strong>inflecti</strong></span> <span class='ocrx_word' id='word_1_38' title='bbox 1122 1009 1160 1076; x_wconf 85' lang='lat' dir='ltr'><strong>et</strong></span> <span class='ocrx_word' id='word_1_39' title='bbox 1182 993 1279 1071; x_wconf 91' lang='lat' dir='ltr'><strong>inde</strong></span> 
     </span>
     <span class='ocr_line' id='line_1_7' title="bbox 252 1109 1279 1218; baseline -0.015 -20"><span class='ocrx_word' id='word_1_40' title='bbox 252 1117 437 1198; x_wconf 88' lang='lat' dir='ltr'><strong>contrahi.</strong></span> <span class='ocrx_word' id='word_1_41' title='bbox 448 1115 619 1218; x_wconf 87' lang='lat' dir='ltr'><strong>probare</strong></span> <span class='ocrx_word' id='word_1_42' title='bbox 636 1109 772 1188; x_wconf 90' lang='lat' dir='ltr'><strong>studui</strong></span> <span class='ocrx_word' id='word_1_43' title='bbox 790 1110 974 1206; x_wconf 89' lang='lat' dir='ltr'><strong>(Grundl.</strong></span> <span class='ocrx_word' id='word_1_44' title='bbox 991 1139 1027 1214; x_wconf 91' lang='lat' dir='ltr'><strong>p.</strong></span> <span class='ocrx_word' id='word_1_45' title='bbox 1047 1115 1105 1188; x_wconf 79' lang='grc'><strong>59.</strong></span> <span class='ocrx_word' id='word_1_46' title='bbox 1121 1110 1279 1188; x_wconf 88' lang='lat' dir='ltr'><strong>Nachtr.</strong></span> 
     </span>
     <span class='ocr_line' id='line_1_8' title="bbox 250 1223 1278 1338; baseline -0.016 -25"><span class='ocrx_word' id='word_1_47' title='bbox 250 1263 288 1338; x_wconf 88' lang='lat' dir='ltr'><strong>p.</strong></span> <span class='ocrx_word' id='word_1_48' title='bbox 313 1233 402 1334; x_wconf 89' lang='grc'><strong>13.).</strong></span> <span class='ocrx_word' id='word_1_49' title='bbox 453 1227 661 1308; x_wconf 88' lang='lat' dir='ltr'><strong>Consentit</strong></span> <span class='ocrx_word' id='word_1_50' title='bbox 685 1224 875 1326; x_wconf 84' lang='lat' dir='ltr'><strong>Sprengel</strong></span> <span class='ocrx_word' id='word_1_51' title='bbox 900 1224 1006 1323; x_wconf 86' lang='lat' dir='ltr'><strong>(Anl.</strong></span> <span class='ocrx_word' id='word_1_52' title='bbox 1027 1223 1099 1302; x_wconf 88' lang='lat' dir='ltr'><strong>Ed.</strong></span> <span class='ocrx_word' id='word_1_53' title='bbox 1115 1227 1151 1300; x_wconf 75' lang='lat'><strong>2.</strong></span> <span class='ocrx_word' id='word_1_54' title='bbox 1165 1251 1204 1325; x_wconf 62' lang='lat' dir='ltr'><strong>pa</strong></span> <span class='ocrx_word' id='word_1_55' title='bbox 1219 1227 1278 1302; x_wconf 73' lang='lat'><strong>34.</strong></span> 
     </span>
     <span class='ocr_line' id='line_1_9' title="bbox 251 1342 1279 1444; baseline -0.016 -16"><span class='ocrx_word' id='word_1_56' title='bbox 251 1351 344 1444; x_wconf 73' lang='lat' dir='ltr'><strong>st).</strong></span> <span class='ocrx_word' id='word_1_57' title='bbox 406 1344 526 1422; x_wconf 86' lang='lat' dir='ltr'><strong>Strias</strong></span> <span class='ocrx_word' id='word_1_58' title='bbox 568 1342 756 1418; x_wconf 88' lang='lat' dir='ltr'><strong>obscuras</strong></span> <span class='ocrx_word' id='word_1_59' title='bbox 789 1363 875 1414; x_wconf 91' lang='lat' dir='ltr'><strong>non</strong></span> <span class='ocrx_word' id='word_1_60' title='bbox 908 1363 991 1416; x_wconf 87' lang='lat' dir='ltr'><strong>esse</strong></span> <span class='ocrx_word' id='word_1_61' title='bbox 1023 1351 1131 1440; x_wconf 89' lang='lat' dir='ltr'><strong>septa</strong></span> <span class='ocrx_word' id='word_1_62' title='bbox 1161 1361 1279 1414; x_wconf 81' lang='lat' dir='ltr'><strong>mon-</strong></span> 
     </span>
    </p>
   </div>
   <div class='ocr_carea' id='block_1_3' title="bbox 106 1451 1279 1557">
    <p class='ocr_par' dir='ltr' id='par_1_3' title="bbox 106 1451 1279 1557">
     <span class='ocr_line' id='line_1_10' title="bbox 106 1451 1279 1557; baseline -0.009 -16"><span class='ocrx_word' id='word_1_63' title='bbox 106 1529 109 1540; x_wconf 92' lang='lat'><strong>.</strong></span> <span class='ocrx_word' id='word_1_64' title='bbox 252 1460 369 1540; x_wconf 82' lang='lat' dir='ltr'><strong>stravi</strong></span> <span class='ocrx_word' id='word_1_65' title='bbox 393 1455 570 1536; x_wconf 77' lang='lat' dir='ltr'><strong>²Grundl.</strong></span> <span class='ocrx_word' id='word_1_66' title='bbox 602 1482 640 1557; x_wconf 90' lang='lat' dir='ltr'><strong>p.</strong></span> <span class='ocrx_word' id='word_1_67' title='bbox 670 1458 746 1543; x_wconf 80' lang='lat'><strong>59,</strong></span> <span class='ocrx_word' id='word_1_68' title='bbox 779 1478 874 1530; x_wconf 89' lang='lat' dir='ltr'><strong>nam</strong></span> <span class='ocrx_word' id='word_1_69' title='bbox 904 1451 1082 1556; x_wconf 83' lang='lat' dir='ltr'>liquores</span> <span class='ocrx_word' id='word_1_70' title='bbox 1113 1452 1279 1530; x_wconf 88' lang='lat' dir='ltr'><strong>colorati</strong></span> 
     </span>
    </p>
   </div>
   <div class='ocr_carea' id='block_1_4' title="bbox 251 1567 1280 2242">
    <p class='ocr_par' dir='ltr' id='par_1_4' title="bbox 252 1567 930 1675">
     <span class='ocr_line' id='line_1_11' title="bbox 252 1567 930 1675; baseline -0.013 -23"><span class='ocrx_word' id='word_1_71' title='bbox 252 1574 366 1652; x_wconf 86' lang='lat' dir='ltr'><strong>facilc</strong></span> <span class='ocrx_word' id='word_1_72' title='bbox 387 1597 461 1675; x_wconf 85' lang='lat' dir='ltr'><strong>per</strong></span> <span class='ocrx_word' id='word_1_73' title='bbox 482 1570 580 1648; x_wconf 88' lang='lat' dir='ltr'><strong>haec</strong></span> <span class='ocrx_word' id='word_1_74' title='bbox 603 1567 692 1645; x_wconf 90' lang='lat' dir='ltr'><strong>loca</strong></span> <span class='ocrx_word' id='word_1_75' title='bbox 715 1579 930 1644; x_wconf 86' lang='lat' dir='ltr'><strong>transeunt</strong></span> 
     </span>
    </p>

    <p class='ocr_par' dir='ltr' id='par_1_5' title="bbox 251 1679 1280 2130">
     <span class='ocr_line' id='line_1_12' title="bbox 352 1679 1279 1782; baseline -0.011 -18"><span class='ocrx_word' id='word_1_76' title='bbox 352 1684 526 1764; x_wconf 88' lang='lat' dir='ltr'><strong>Cellulae</strong></span> <span class='ocrx_word' id='word_1_77' title='bbox 573 1681 692 1759; x_wconf 89' lang='lat' dir='ltr'><strong>fibras</strong></span> <span class='ocrx_word' id='word_1_78' title='bbox 733 1680 894 1782; x_wconf 88' lang='lat' dir='ltr'><strong>spirales</strong></span> <span class='ocrx_word' id='word_1_79' title='bbox 943 1679 1189 1758; x_wconf 86' lang='lat' dir='ltr'><strong>continentes</strong></span> <span class='ocrx_word' id='word_1_80' title='bbox 1234 1681 1279 1755; x_wconf 90' lang='lat' dir='ltr'><strong>in</strong></span> 
     </span>
     <span class='ocr_line' id='line_1_13' title="bbox 255 1792 1280 1901; baseline -0.01 -21"><span class='ocrx_word' id='word_1_81' title='bbox 255 1808 383 1890; x_wconf 86' lang='lat' dir='ltr'><strong>Taxo,</strong></span> <span class='ocrx_word' id='word_1_82' title='bbox 433 1805 606 1901; x_wconf 83' lang='lat' dir='ltr'><strong>quarum</strong></span> <span class='ocrx_word' id='word_1_83' title='bbox 651 1796 803 1872; x_wconf 93' lang='lat' dir='ltr'><strong>mentio</strong></span> <span class='ocrx_word' id='word_1_84' title='bbox 849 1792 899 1870; x_wconf 89' lang='lat' dir='ltr'><strong>fit</strong></span> <span class='ocrx_word' id='word_1_85' title='bbox 938 1793 1047 1896; x_wconf 89' lang='lat' dir='ltr'><strong>apud</strong></span> <span class='ocrx_word' id='word_1_86' title='bbox 1069 1797 1280 1873; x_wconf 88' lang='lat' dir='ltr'><strong>Kieserum</strong></span> 
     </span>
     <span class='ocr_line' id='line_1_14' title="bbox 254 1907 1279 2014; baseline -0.008 -20"><span class='ocrx_word' id='word_1_87' title='bbox 254 1917 431 2014; x_wconf 85' lang='lat' dir='ltr'><strong>(Phytot</strong></span> <span class='ocrx_word' id='word_1_88' title='bbox 455 1940 493 2014; x_wconf 91' lang='lat' dir='ltr'><strong>p.</strong></span> <span class='ocrx_word' id='word_1_89' title='bbox 517 1915 576 1989; x_wconf 80' lang='grc'><strong>57.</strong></span> <span class='ocrx_word' id='word_1_90' title='bbox 600 1913 681 2004; x_wconf 82' lang='lat' dir='ltr'><strong>ts.)</strong></span> <span class='ocrx_word' id='word_1_91' title='bbox 698 1921 904 2011; x_wconf 80' lang='lat' dir='ltr'><strong>quantum</strong></span> <span class='ocrx_word' id='word_1_92' title='bbox 928 1909 1120 2012; x_wconf 83' lang='lat' dir='ltr'><strong>equidem</strong></span> <span class='ocrx_word' id='word_1_93' title='bbox 1148 1907 1279 1998; x_wconf 84' lang='lat' dir='ltr'><strong>video,</strong></span> 
     </span>
     <span class='ocr_line' id='line_1_15' title="bbox 251 2028 646 2130; baseline -0.025 -22"><span class='ocrx_word' id='word_1_94' title='bbox 251 2028 373 2130; x_wconf 87' lang='lat' dir='ltr'><strong>hujus</strong></span> <span class='ocrx_word' id='word_1_95' title='bbox 396 2028 475 2104; x_wconf 92' lang='lat' dir='ltr'><strong>loci</strong></span> <span class='ocrx_word' id='word_1_96' title='bbox 499 2039 602 2104; x_wconf 81' lang='lat' dir='ltr'><strong>sunt</strong></span> <span class='ocrx_word' id='word_1_97' title='bbox 643 2091 646 2098; x_wconf 92' lang='lat'><strong>.</strong></span> 
     </span>
    </p>

    <p class='ocr_par' dir='ltr' id='par_1_6' title="bbox 350 2135 1280 2242">
     <span class='ocr_line' id='line_1_16' title="bbox 350 2135 1280 2242; baseline -0.008 -20"><span class='ocrx_word' id='word_1_98' title='bbox 350 2143 455 2222; x_wconf 86' lang='lat' dir='ltr'><strong>Cum</strong></span> <span class='ocrx_word' id='word_1_99' title='bbox 478 2139 522 2214; x_wconf 90' lang='lat' dir='ltr'><strong>in</strong></span> <span class='ocrx_word' id='word_1_100' title='bbox 546 2136 733 2242; x_wconf 85' lang='lat' dir='ltr'><strong>plantulis</strong></span> <span class='ocrx_word' id='word_1_101' title='bbox 755 2135 885 2214; x_wconf 92' lang='lat' dir='ltr'><strong>modo</strong></span> <span class='ocrx_word' id='word_1_102' title='bbox 911 2137 1063 2228; x_wconf 86' lang='lat' dir='ltr'><strong>exortis,</strong></span> <span class='ocrx_word' id='word_1_103' title='bbox 1086 2138 1129 2214; x_wconf 91' lang='lat' dir='ltr'><strong>in</strong></span> <span class='ocrx_word' id='word_1_104' title='bbox 1145 2163 1280 2216; x_wconf 89' lang='lat' dir='ltr'><strong>ramu-</strong></span> 
     </span>
    </p>
   </div>
   <div class='ocr_carea' id='block_1_5' title="bbox 253 2251 1413 2364">
    <p class='ocr_par' dir='ltr' id='par_1_7' title="bbox 253 2251 1413 2364">
     <span class='ocr_line' id='line_1_17' title="bbox 253 2251 1413 2364; baseline -0.008 -29"><span class='ocrx_word' id='word_1_105' title='bbox 253 2259 302 2335; x_wconf 84' lang='lat' dir='ltr'><strong>lis</strong></span> <span class='ocrx_word' id='word_1_106' title='bbox 349 2253 576 2355; x_wconf 85' lang='lat' dir='ltr'><strong>junioribus</strong></span> <span class='ocrx_word' id='word_1_107' title='bbox 630 2273 716 2328; x_wconf 91' lang='lat' dir='ltr'><strong>non</strong></span> <span class='ocrx_word' id='word_1_108' title='bbox 764 2251 1078 2353; x_wconf 81' lang='lat' dir='ltr'><strong>conspiciantur,</strong></span> <span class='ocrx_word' id='word_1_109' title='bbox 1118 2251 1191 2329; x_wconf 89' lang='lat' dir='ltr'><strong>sed</strong></span> <span class='ocrx_word' id='word_1_110' title='bbox 1234 2254 1279 2329; x_wconf 92' lang='lat' dir='ltr'><strong>in</strong></span> <span class='ocrx_word' id='word_1_111' title='bbox 1412 2327 1413 2364; x_wconf 78' lang='lat'>;</span> 
     </span>
    </p>
   </div>
   <div class='ocr_carea' id='block_1_6' title="bbox 252 2363 1280 3036">
    <p class='ocr_par' dir='ltr' id='par_1_8' title="bbox 252 2363 1280 3036">
     <span class='ocr_line' id='line_1_18' title="bbox 255 2363 1279 2468; baseline -0.004 -20"><span class='ocrx_word' id='word_1_112' title='bbox 255 2369 401 2449; x_wconf 89' lang='lat' dir='ltr'><strong>adultis</strong></span> <span class='ocrx_word' id='word_1_113' title='bbox 433 2365 663 2468; x_wconf 88' lang='lat' dir='ltr'><strong>praesertim</strong></span> <span class='ocrx_word' id='word_1_114' title='bbox 695 2363 772 2440; x_wconf 92' lang='lat' dir='ltr'><strong>cito</strong></span> <span class='ocrx_word' id='word_1_115' title='bbox 804 2365 973 2444; x_wconf 86' lang='lat' dir='ltr'><strong>crassitie</strong></span> <span class='ocrx_word' id='word_1_116' title='bbox 1014 2366 1152 2455; x_wconf 90' lang='lat' dir='ltr'><strong>auctis,</strong></span> <span class='ocrx_word' id='word_1_117' title='bbox 1184 2391 1279 2444; x_wconf 88' lang='lat' dir='ltr'><strong>cum</strong></span> 
     </span>
     <span class='ocr_line' id='line_1_19' title="bbox 255 2477 1280 2579; baseline -0.001 -19"><span class='ocrx_word' id='word_1_118' title='bbox 255 2483 306 2561; x_wconf 92' lang='lat' dir='ltr'><strong>ad</strong></span> <span class='ocrx_word' id='word_1_119' title='bbox 330 2480 464 2558; x_wconf 91' lang='lat' dir='ltr'><strong>nodos</strong></span> <span class='ocrx_word' id='word_1_120' title='bbox 487 2477 803 2579; x_wconf 81' lang='lat' dir='ltr'><strong>frequentissima</strong></span> <span class='ocrx_word' id='word_1_121' title='bbox 826 2479 914 2568; x_wconf 87' lang='lat' dir='ltr'><strong>sint,</strong></span> <span class='ocrx_word' id='word_1_122' title='bbox 936 2504 1030 2556; x_wconf 89' lang='lat' dir='ltr'><strong>cum</strong></span> <span class='ocrx_word' id='word_1_123' title='bbox 1054 2481 1169 2559; x_wconf 86' lang='lat' dir='ltr'><strong>striae</strong></span> <span class='ocrx_word' id='word_1_124' title='bbox 1185 2483 1280 2558; x_wconf 88' lang='lat' dir='ltr'><strong>sub·</strong></span> 
     </span>
     <span class='ocr_line' id='line_1_20' title="bbox 253 2589 1276 2698; baseline 0 -26"><span class='ocrx_word' id='word_1_125' title='bbox 253 2595 350 2698; x_wconf 83' lang='lat' dir='ltr'><strong>inde</strong></span> <span class='ocrx_word' id='word_1_126' title='bbox 389 2607 522 2671; x_wconf 87' lang='lat' dir='ltr'><strong>totum</strong></span> <span class='ocrx_word' id='word_1_127' title='bbox 561 2589 628 2668; x_wconf 71' lang='lat' dir='ltr'><strong>uas</strong></span> <span class='ocrx_word' id='word_1_128' title='bbox 665 2617 748 2668; x_wconf 92' lang='lat' dir='ltr'><strong>non</strong></span> <span class='ocrx_word' id='word_1_129' title='bbox 785 2606 996 2682; x_wconf 85' lang='lat' dir='ltr'><strong>transcant,</strong></span> <span class='ocrx_word' id='word_1_130' title='bbox 1032 2619 1149 2697; x_wconf 86' lang='lat' dir='ltr'><strong>saepe</strong></span> <span class='ocrx_word' id='word_1_131' title='bbox 1181 2619 1276 2672; x_wconf 85' lang='lat' dir='ltr'><strong>vero</strong></span> 
     </span>
     <span class='ocr_line' id='line_1_21' title="bbox 253 2702 1279 2813; baseline 0.003 -29"><span class='ocrx_word' id='word_1_132' title='bbox 253 2708 367 2813; x_wconf 84' lang='lat' dir='ltr'><strong>plura</strong></span> <span class='ocrx_word' id='word_1_133' title='bbox 393 2706 512 2783; x_wconf 88' lang='lat' dir='ltr'><strong>simul</strong></span> <span class='ocrx_word' id='word_1_134' title='bbox 534 2702 603 2781; x_wconf 80' lang='lat' dir='ltr'><strong>cfr.</strong></span> <span class='ocrx_word' id='word_1_135' title='bbox 630 2710 675 2781; x_wconf 90' lang='lat' dir='ltr'><strong>T.</strong></span> <span class='ocrx_word' id='word_1_136' title='bbox 699 2711 735 2782; x_wconf 98' lang='grc'><strong>2.</strong></span> <span class='ocrx_word' id='word_1_137' title='bbox 766 2705 793 2786; x_wconf 89' lang='lat' dir='ltr'><strong>f.</strong></span> <span class='ocrx_word' id='word_1_138' title='bbox 818 2711 877 2785; x_wconf 88' lang='grc'><strong>33.</strong></span> <span class='ocrx_word' id='word_1_139' title='bbox 902 2731 987 2782; x_wconf 93' lang='lat' dir='ltr'><strong>non</strong></span> <span class='ocrx_word' id='word_1_140' title='bbox 1013 2704 1154 2786; x_wconf 90' lang='lat' dir='ltr'><strong>dubito</strong></span> <span class='ocrx_word' id='word_1_141' title='bbox 1182 2709 1279 2787; x_wconf 85' lang='lat' dir='ltr'><strong>oriri</strong></span> 
     </span>
     <span class='ocr_line' id='line_1_22' title="bbox 252 2819 1279 2924; baseline -0.001 -24"><span class='ocrx_word' id='word_1_142' title='bbox 252 2821 472 2924; x_wconf 82' lang='lat' dir='ltr'><strong>apartium</strong></span> <span class='ocrx_word' id='word_1_143' title='bbox 495 2819 714 2896; x_wconf 86' lang='lat' dir='ltr'><strong>vicinarum</strong></span> <span class='ocrx_word' id='word_1_144' title='bbox 737 2821 957 2923; x_wconf 87' lang='lat' dir='ltr'><strong>pressione,</strong></span> <span class='ocrx_word' id='word_1_145' title='bbox 983 2821 1130 2922; x_wconf 89' lang='lat' dir='ltr'><strong>quibus</strong></span> <span class='ocrx_word' id='word_1_146' title='bbox 1152 2821 1279 2924; x_wconf 85' lang='lat' dir='ltr'><strong>plicae</strong></span> 
     </span>
     <span class='ocr_line' id='line_1_23' title="bbox 252 2932 1278 3036; baseline -0.002 -22"><span class='ocrx_word' id='word_1_147' title='bbox 252 2951 320 3014; x_wconf 81' lang='lat' dir='ltr'><strong>aut</strong></span> <span class='ocrx_word' id='word_1_148' title='bbox 342 2932 574 3011; x_wconf 86' lang='lat' dir='ltr'><strong>inflexiones</strong></span> <span class='ocrx_word' id='word_1_149' title='bbox 597 2932 880 3036; x_wconf 86' lang='lat' dir='ltr'><strong>producantur.</strong></span> <span class='ocrx_word' id='word_1_150' title='bbox 928 2936 1104 3036; x_wconf 87' lang='lat' dir='ltr'><strong>Exposui</strong></span> <span class='ocrx_word' id='word_1_151' title='bbox 1128 2933 1278 3014; x_wconf 86' lang='lat' dir='ltr'><strong>formas</strong></span> 
     </span>
    </p>
   </div>
   <div class='ocr_carea' id='block_1_7' title="bbox 251 3045 1278 3264">
    <p class='ocr_par' dir='ltr' id='par_1_9' title="bbox 251 3045 1278 3264">
     <span class='ocr_line' id='line_1_24' title="bbox 251 3045 1278 3152; baseline 0.003 -28"><span class='ocrx_word' id='word_1_152' title='bbox 251 3073 438 3126; x_wconf 88' lang='lat' dir='ltr'><strong>vasorum</strong></span> <span class='ocrx_word' id='word_1_153' title='bbox 476 3047 721 3125; x_wconf 88' lang='lat' dir='ltr'><strong>Balsaminae</strong></span> <span class='ocrx_word' id='word_1_154' title='bbox 757 3047 801 3123; x_wconf 92' lang='lat' dir='ltr'><strong>in</strong></span> <span class='ocrx_word' id='word_1_155' title='bbox 839 3045 1015 3124; x_wconf 87' lang='lat' dir='ltr'><strong>radicula</strong></span> <span class='ocrx_word' id='word_1_156' title='bbox 1047 3064 1139 3152; x_wconf 90' lang='lat' dir='ltr'><strong>post</strong></span> <span class='ocrx_word' id='word_1_157' title='bbox 1169 3049 1278 3127; x_wconf 87' lang='lat' dir='ltr'><strong>diem</strong></span> 
     </span>
     <span class='ocr_line' id='line_1_25' title="bbox 253 3158 1277 3264; baseline 0.003 -26"><span class='ocrx_word' id='word_1_158' title='bbox 253 3165 298 3238; x_wconf 88' lang='lat' dir='ltr'><strong>T.</strong></span> <span class='ocrx_word' id='word_1_159' title='bbox 322 3164 357 3237; x_wconf 93' lang='grc'><strong>2.</strong></span> <span class='ocrx_word' id='word_1_160' title='bbox 381 3158 406 3234; x_wconf 81' lang='lat' dir='ltr'><strong>f.</strong></span> <span class='ocrx_word' id='word_1_161' title='bbox 429 3163 498 3248; x_wconf 86' lang='grc'><strong>32,</strong></span> <span class='ocrx_word' id='word_1_162' title='bbox 519 3161 563 3235; x_wconf 94' lang='lat' dir='ltr'><strong>in</strong></span> <span class='ocrx_word' id='word_1_163' title='bbox 580 3161 691 3238; x_wconf 73' lang='lat' dir='ltr'><strong>carde</strong></span> <span class='ocrx_word' id='word_1_164' title='bbox 706 3175 798 3264; x_wconf 90' lang='lat' dir='ltr'><strong>post</strong></span> <span class='ocrx_word' id='word_1_165' title='bbox 814 3159 922 3237; x_wconf 89' lang='lat' dir='ltr'><strong>diem</strong></span> <span class='ocrx_word' id='word_1_166' title='bbox 938 3159 1034 3238; x_wconf 92' lang='lat' dir='ltr'><strong>ibid.</strong></span> <span class='ocrx_word' id='word_1_167' title='bbox 1052 3168 1096 3240; x_wconf 91' lang='lat' dir='ltr'><strong>T.</strong></span> <span class='ocrx_word' id='word_1_168' title='bbox 1112 3167 1147 3240; x_wconf 91' lang='grc'><strong>2.</strong></span> <span class='ocrx_word' id='word_1_169' title='bbox 1163 3161 1188 3240; x_wconf 84' lang='lat' dir='ltr'><strong>f.</strong></span> <span class='ocrx_word' id='word_1_170' title='bbox 1202 3165 1277 3252; x_wconf 76' lang='lat'><strong>30,</strong></span> 
     </span>
    </p>
   </div>
   <div class='ocr_carea' id='block_1_8' title="bbox 121 3272 1276 3382">
    <p class='ocr_par' dir='ltr' id='par_1_10' title="bbox 121 3272 1276 3382">
     <span class='ocr_line' id='line_1_26' title="bbox 121 3272 1276 3382; baseline 0.003 -31"><span class='ocrx_word' id='word_1_171' title='bbox 121 3349 129 3368; x_wconf 59' lang='lat'><strong>,</strong></span> <span class='ocrx_word' id='word_1_172' title='bbox 250 3272 450 3352; x_wconf 77' lang='lat' dir='ltr'><strong>radiosdac</strong></span> <span class='ocrx_word' id='word_1_173' title='bbox 473 3286 565 3374; x_wconf 87' lang='lat' dir='ltr'><strong>post</strong></span> <span class='ocrx_word' id='word_1_174' title='bbox 588 3276 636 3352; x_wconf 85' lang='grc'><strong>14</strong></span> <span class='ocrx_word' id='word_1_175' title='bbox 659 3273 745 3371; x_wconf 89' lang='lat' dir='ltr'><strong>dics</strong></span> <span class='ocrx_word' id='word_1_176' title='bbox 768 3279 815 3352; x_wconf 85' lang='lat' dir='ltr'><strong>T.</strong></span> <span class='ocrx_word' id='word_1_177' title='bbox 843 3277 878 3354; x_wconf 89' lang='grc'><strong>2</strong></span> <span class='ocrx_word' id='word_1_178' title='bbox 902 3273 927 3351; x_wconf 81' lang='lat' dir='ltr'><strong>f.</strong></span> <span class='ocrx_word' id='word_1_179' title='bbox 952 3280 1021 3365; x_wconf 85' lang='lat' dir='ltr'><strong>sl..</strong></span> <span class='ocrx_word' id='word_1_180' title='bbox 1045 3277 1276 3382; x_wconf 70' lang='lat' dir='ltr'><strong>caulis‘post</strong></span> 
     </span>
    </p>
   </div>
   <div class='ocr_carea' id='block_1_9' title="bbox 253 3385 645 3470">
    <p class='ocr_par' dir='ltr' id='par_1_11' title="bbox 253 3385 645 3470">
     <span class='ocr_line' id='line_1_27' title="bbox 253 3385 645 3470; baseline 0 0"><span class='ocrx_word' id='word_1_181' title='bbox 253 3389 311 3470; x_wconf 67' lang='lat'><strong>14&#39;.</strong></span> <span class='ocrx_word' id='word_1_182' title='bbox 336 3385 422 3464; x_wconf 88' lang='lat' dir='ltr'><strong>dies</strong></span> <span class='ocrx_word' id='word_1_183' title='bbox 446 3386 472 3466; x_wconf 87' lang='lat' dir='ltr'><strong>f.</strong></span> <span class='ocrx_word' id='word_1_184' title='bbox 496 3389 556 3464; x_wconf 78' lang='grc'><strong>33.</strong></span> <span class='ocrx_word' id='word_1_185' title='bbox 641 3455 645 3470; x_wconf 88' lang='grc'>,</span> 
     </span>
    </p>
   </div>
   <div class='ocr_carea' id='block_1_10' title="bbox 250 3622 1276 4184">
    <p class='ocr_par' dir='ltr' id='par_1_12' title="bbox 250 3622 1276 4184">
     <span class='ocr_line' id='line_1_28' title="bbox 250 3622 1276 3770; baseline 0.004 -38"><span class='ocrx_word' id='word_1_186' title='bbox 250 3639 323 3734; x_wconf 82' lang='grc'><strong>64.</strong></span> <span class='ocrx_word' id='word_1_187' title='bbox 359 3637 516 3768; x_wconf 86' lang='lat' dir='ltr'><strong>¹Vasa</strong></span> <span class='ocrx_word' id='word_1_188' title='bbox 563 3639 763 3760; x_wconf 85' lang='lat' dir='ltr'><strong>spiralia</strong></span> <span class='ocrx_word' id='word_1_189' title='bbox 808 3622 914 3770; x_wconf 82' lang='lat' dir='ltr'><strong>tam</strong></span> <span class='ocrx_word' id='word_1_190' title='bbox 957 3671 1076 3737; x_wconf 87' lang='lat' dir='ltr'><strong>vera</strong></span> <span class='ocrx_word' id='word_1_191' title='bbox 1122 3675 1276 3768; x_wconf 88' lang='lat' dir='ltr'><strong>quam</strong></span> 
     </span>
     <span class='ocr_line' id='line_1_29' title="bbox 310 3779 1275 3900; baseline 0.008 -32"><span class='ocrx_word' id='word_1_192' title='bbox 310 3779 482 3897; x_wconf 88' lang='lat' dir='ltr'><strong>spuria</strong></span> <span class='ocrx_word' id='word_1_193' title='bbox 510 3783 804 3900; x_wconf 83' lang='lat' dir='ltr'><strong>magnitudine</strong></span> <span class='ocrx_word' id='word_1_194' title='bbox 833 3784 1048 3899; x_wconf 81' lang='lat' dir='ltr'><strong>variant3</strong></span> <span class='ocrx_word' id='word_1_195' title='bbox 1078 3785 1134 3876; x_wconf 91' lang='lat' dir='ltr'><strong>in</strong></span> <span class='ocrx_word' id='word_1_196' title='bbox 1164 3785 1275 3878; x_wconf 87' lang='lat' dir='ltr'><strong>Fili-</strong></span> 
     </span>
     <span class='ocr_line' id='line_1_30' title="bbox 310 3918 1274 4040; baseline 0.006 -30"><span class='ocrx_word' id='word_1_197' title='bbox 310 3918 452 4010; x_wconf 92' lang='lat' dir='ltr'><strong>cibus</strong></span> <span class='ocrx_word' id='word_1_198' title='bbox 484 3918 676 4030; x_wconf 84' lang='lat' dir='ltr'><strong>adsunt,</strong></span> <span class='ocrx_word' id='word_1_199' title='bbox 707 3923 763 4012; x_wconf 92' lang='lat' dir='ltr'><strong>in</strong></span> <span class='ocrx_word' id='word_1_200' title='bbox 782 3921 1065 4040; x_wconf 87' lang='lat' dir='ltr'><strong>Najadihus,</strong></span> <span class='ocrx_word' id='word_1_201' title='bbox 1090 3926 1274 4018; x_wconf 90' lang='lat' dir='ltr'><strong>Muscis</strong></span> 
     </span>
     <span class='ocr_line' id='line_1_31' title="bbox 305 4056 992 4184; baseline 0.013 -36"><span class='ocrx_word' id='word_1_202' title='bbox 305 4071 357 4148; x_wconf 90' lang='lat' dir='ltr'><strong>et</strong></span> <span class='ocrx_word' id='word_1_203' title='bbox 388 4056 747 4182; x_wconf 79' lang='lat' dir='ltr'><strong>Cryptophytis</strong></span> <span class='ocrx_word' id='word_1_204' title='bbox 779 4066 992 4184; x_wconf 64' lang='lat' dir='ltr'><strong>dejiciunt.</strong></span> 
     </span>
    </p>
   </div>
   <div class='ocr_carea' id='block_1_11' title="bbox 0 0 1424 4878">
    <p class='ocr_par' dir='ltr' id='par_1_13' title="bbox 0 0 1424 4878">
     <span class='ocr_line' id='line_1_32' title="bbox 0 0 1424 4878; baseline 0 0"><span class='ocrx_word' id='word_1_205' title='bbox 0 0 1424 4878; x_wconf 95' lang='lat' dir='ltr'><strong> </strong></span> 
     </span>
    </p>
   </div>
  </div>
 </body>
</html>
