2852 4872
253 349 326 424 294
682 345 844 428 etos,

191 579 194 590 ¹
255 555 320 640 gat
341 541 507 642 Hedwig
530 542 716 641 (Samml.
741 543 834 618 sein.
860 531 1056 637 nerstreut,
1079 535 1273 640 Abhandl.

257 657 302 732 T.
331 657 432 760 tp.
464 657 569 754 111.)
600 681 673 732 nec
690 679 778 754 ego
811 655 990 732 distincte
1013 651 1105 728 vidi.
1152 659 1274 730 Mate·

255 769 313 844 ria
345 795 498 847 ceracea
530 794 716 868 grumosa
751 795 823 871 per
846 767 1118 847 membranam
1144 765 1275 866 perlu-

257 907 349 958 cens
372 883 555 960 facillime
580 909 654 984 pro
680 884 829 960 cellulis
853 882 987 958 baberi
1013 893 1152 982 potest
1200 878 1274 956 Mi·

255 997 364 1074 nime
389 999 610 1096 negaverim
636 1012 674 1074 et
696 999 797 1073 hanc
822 997 1096 1072 membranam
1114 1017 1136 1068 e
1157 991 1274 1068 cellu-
1413 1007 1414 1014 ’

255 1108 302 1184 lis
327 1112 491 1188 minutis
515 1125 708 1200 constare,
733 1132 977 1214 quamquam
995 1107 1174 1184 distincte
1191 1129 1275 1181 non

255 1222 434 1300 viderim.

354 1339 559 1440 stipitibus
592 1341 774 1416 antherae
804 1363 887 1417 non
920 1335 1039 1414 infixa
1070 1347 1164 1418 sunt
1193 1357 1277 1432 gra-

256 1451 367 1538 nula,
392 1452 461 1528 sed
487 1454 609 1530 libere
626 1467 857 1530 coacervata.
906 1450 1061 1530 Habent
1076 1447 1275 1525 interdum

255 1590 463 1668 processus
495 1565 718 1654 filiformes‚
757 1593 860 1668 quos
900 1565 1086 1641 facillime
1129 1563 1278 1664 stipites
1339 1593 1344 1604 ·

257 1703 340 1756 esse
365 1679 500 1756 credas
525 1680 787 1780 (Grundlehr.
814 1679 851 1756 d.
876 1683 985 1758 Anat
1009 1704 1047 1779 p.
1071 1671 1189 1773 tls),

264 1851 269 1862 .
352 1796 400 1870 In
425 1795 585 1870 anthera
609 1795 820 1871 immatura
845 1793 981 1895 pollen
1003 1817 1173 1870 massam
1191 1791 1279 1892 pul-

256 1931 418 2008 paceam
448 1907 576 1984 refert
633 1911 683 1986 At
705 1909 807 1984 intra
832 1905 990 1983 cellulas
1014 1905 1195 2001 formari,
1218 1906 1278 1984 uti

257 2019 344 2096 nne
371 2024 416 2100 R.
449 2025 595 2098 Brown
627 2021 670 2097 in
696 2021 1036 2098 observationibus
1061 2018 1111 2098 de
1135 2017 1279 2096 Rallle·

259 2133 314 2210 sia
341 2132 432 2210 alias
459 2136 620 2234 egregiis
654 2136 786 2233 (Lino.
814 2140 1008 2212 Transact
1032 2137 1077 2208 V.
1103 2136 1159 2210 13.
1184 2137 1224 2209 Ρ.
1249 2137 1278 2210 I.

258 2273 296 2348 p.
327 2248 434 2345 211.)
468 2273 552 2325 non
584 2248 713 2326 video.
771 2248 941 2326 Granula
975 2247 1124 2322 cellulis
1148 2246 1278 2322 multo

257 2357 408 2458 majora
445 2375 545 2436 sunt
606 2363 735 2440 Video
773 2365 815 2438 in
857 2361 1027 2438 enthecis
1056 2361 1280 2454 immaturis

259 2473 420 2570 granula
464 2472 613 2572 majora
657 2476 880 2552 minoribus
927 2475 1130 2562 immixtis,
1177 2499 1280 2575 quae

258 2586 396 2662 mixtio
444 2611 613 2663 massam
661 2589 893 2690 pulpaceam
940 2589 1038 2665 sistit
1077 2587 1279 2665 interdum

140 2785 144 2800 ¹
258 2701 508 2802 processibus
538 2701 654 2778 variis
684 2702 880 2781 immixtis
941 2699 1115 2780 Exsudat
1137 2701 1280 2803 procul

124 2917 126 2924 y
261 2814 386 2892 dubio
413 2839 435 2890 e
460 2813 609 2892 cellulis
633 2817 793 2892 materia
818 2815 1085 2913 lluidiuscula‚
1111 2839 1212 2918 quae
1237 2817 1280 2892 in

259 2928 421 3028 granula
451 2935 635 3006 mutatur.
697 2929 866 3008 Cellulas
898 2931 1144 3032 persistentes
1182 2953 1279 3030 quas

260 3058 397 3121 auctor
426 3040 600 3132 adducit,
633 3070 717 3122 non
749 3044 884 3122 videre
920 3043 1032 3120 licuit
1069 3042 1161 3143 (cfr.
1193 3043 1216 3121 l.
1249 3067 1279 3120 c.

260 3180 297 3254 p.
322 3158 404 3232 213.
429 3157 547 3254 214).

358 3268 628 3360 Granulorum
645 3267 775 3348 forma
790 3271 904 3348 varia.
940 3270 1281 3372 Plerumqueglo-

259 3379 357 3461 bosa
382 3395 483 3469 sunt,
510 3397 577 3460 aut
601 3382 651 3460 ad
675 3384 882 3483 globosam
907 3381 1079 3461 formam
1101 3387 1279 3486 proxime

260 3491 498 3584 accedentia,
533 3511 622 3572 tum
663 3499 806 3586 ovalia,
833 3487 1014 3596 'oblonga
1045 3499 1280 3600 (Impatiens

259 3607 519 3706 Balsamina),
545 3609 753 3707 cylindrica
779 3603 1026 3709 (Cerinthe),
1050 3609 1280 3691 reniformia

262 3745 333 3798 seu
369 3720 579 3819 cylindrica
616 3739 654 3800 et
684 3723 782 3800 flexa
813 3725 1117 3822 (Commelina),
1154 3728 1280 3804 rarius

263 3835 457 3935 angulata,
490 3859 521 3912 e.
554 3860 588 3936 g.
604 3838 820 3928 tetraddra,
846 3839 1110 3931 dodecabdra,
1133 3842 1282 3921 icosit-

265 3947 336 4028 dra
360 3949 643 4054 (Geropogon,
661 3955 969 4058 Tragopogoo).

360 4066 484 4168 Saepe
508 4068 727 4170 composita
751 4083 854 4159 sunt,
879 4070 934 4146 sic
958 4095 980 4148 e
1004 4071 1132 4148 tribus
1156 4084 1281 4150 secto·

1097 4335 1161 4478 Ἀ
