2840 4878
272 364 343 442 tto
655 361 852 440 nantx.

271 562 350 639 das.
407 564 500 639 Non
532 559 718 638 viditvir
742 557 834 636 alias
860 571 998 637 acutus
1020 560 1063 636 in
1088 574 1293 659 segmento

269 677 547 775 longitudinali
579 701 681 778 opus
713 673 963 751 reticulatum
997 673 1146 763 adesse,
1180 675 1294 778 quod

270 819 363 869 curn
387 791 654 893 productione
677 789 750 864 ista
775 789 988 866 consistere
1015 790 1163 890 nequit.
1211 795 1294 866 No-

269 933 340 984 vos
373 906 513 982 exoriri
537 903 670 980 radios
694 902 798 980 inter
822 903 1042 982 adultos-et
1067 904 1294 982 arcasinde

271 1019 394 1098 dividi
429 1031 534 1095 recte
572 1017 799 1094 observavit
862 1017 1118 1094 Subtiliorem
1139 1055 1140 1064 .
1159 1013 1293 1096 anato-

268 1137 393 1212 miam
429 1157 653 1233 numquam
695 1129 889 1219 adhibuit,
927 1133 1012 1209 sine
1044 1159 1123 1233 qna
1154 1157 1293 1210 coecu-

268 1249 677 1326 tiuntobserratores.
1136 1260 1140 1272 ·

364 1362 564 1439 Peculiare
590 1375 648 1436 est
671 1361 826 1438 corticis
847 1362 1138 1457 incrementum
1161 1377 1293 1440 estra-

268 1482 318 1556 tis
349 1503 433 1554 non
464 1474 623 1553 radiatis
654 1501 675 1551 e
706 1500 833 1552 mero.
859 1476 1162 1577 parenchymate
1199 1502 1292 1553 con-

189 1643 193 1650 ·
267 1593 406 1670 fectis..
437 1588 678 1687 Huiusmodi
703 1589 816 1691 plura
834 1589 977 1666 eodem
996 1607 1100 1667 anno
1118 1589 1293 1668 forman-

268 1722 343 1784 tur.
403 1705 561 1781 Primus
602 1725 698 1804 rem·
732 1703 1005 1782 animadvertit
1048 1704 1293 1806 Wildenow‚

268 1835 363 1898 tum.
397 1818 439 1893 in
481 1843 568 1894 eam
608 1818 794 1919 inquisivi
837 1817 1100 1918 (Grundlehr.
1140 1846 1177 1921 p.
1211 1824 1292 1898 133.
1380 1888 1386 1900 .

268 1951 292 2012 t.
318 1933 409 2032 55.).
460 1931 539 2008 Sed
565 1929 699 2008 denuo
727 1931 970 2010 observanda
997 1947 1063 2008 est
1090 1997 1094 2006 .

365 2044 613 2126 Ramificatio
646 2045 694 2122 fit
724 2044 911 2123 fasciculo
943 2046 1100 2146 lignoso
1135 2048 1290 2147 eligno

268 2163 410 2240 radicis
442 2175 595 2246 exorto,
629 2159 816 2236 corticem
840 2175 1069 2260 penetrante
1094 2176 1133 2238 et
1156 2185 1293 2240 secum

270 2279 450 2352 ducente.
498 2277 544 2350 In
570 2273 756 2350 minimas
780 2271 942 2350 fibrillas
966 2277 1105 2351 transit
1127 2276 1291 2374 lignum.

270 2391 466 2468 Oriuntur
507 2387 607 2464 rami
650 2388 837 2465 alimento
880 2389 1104 2491 copiosiore
1152 2405 1191 2467 at
1234 2391 1293 2467 lo·

270 2504 324 2578 cis
350 2501 678 2589 indeterminatis,
704 2501 816 2603 quasi
841 2503 1077 2603 spontaneis.
1133 2505 1293 2606 Ubique

273 2617 459 2693 oriuntur
482 2617 592 2704 rami,
618 2617 722 2691 etin
746 2616 922 2717 partibus
946 2618 1102 2695 resectis
1127 2617 1293 2715 (Biilfin-

269 2753 338 2828 ger
363 2733 585 2807 Comment.
617 2729 736 2809 Acad.
768 2735 923 2834 Petrop.
957 2737 1060 2808 To.
1086 2732 1199 2831 198.)
1251 2733 1292 2808 si

268 2844 423 2942 lignum
455 2843 707 2933 exscinditur,
738 2845 831 2936 novi
863 2846 964 2924 rami
989 2870 1073 2922 non
1099 2847 1292 2933 oriuntur,

269 2974 308 3036 at
330 2957 409 3057 jam
436 2959 540 3035 enati
564 2974 829 3061 procrescunt.

277 3111 291 3146 a
363 3071 555 3150 Radicem
592 3099 726 3151 versus
758 3076 909 3177 apicem
941 3074 1170 3177 praesertim
1200 3098 1293 3175 pro-

267 3184 420 3282 longari
447 3186 720 3287 experimentis
746 3202 897 3264 constat
922 3189 1005 3286 (Du
1021 3189 1162 3264 Hamel
1177 3189 1292 3284 Phys.

269 3297 305 3374 tl.
333 3298 430 3373 arbr.
454 3303 494 3374 L.
512 3303 544 3374 1.
564 3299 633 3376 Ch.
650 3306 683 3378 d
700 3305 742 3380 Α.
761 3303 828 3398 1.).
860 3305 948 3377 Hoc
964 3323 1057 3376 vero
1077 3314 1293 3398 augmento

269 3409 481 3511 epidermis
528 3427 605 3488 aut
635 3414 919 3490 indumentum
963 3413 1171 3516 quoddam
1208 3435 1294 3488 non

269 3523 465 3622 dejicitur,
491 3527 549 3600 uti
582 3527 666 3604 vult
695 3527 917 3604 Dutrochet
951 3527 996 3624 (l.
1030 3527 1099 3624 c).
1132 3525 1314 3602 sedin·

269 3637 502 3716 crassatione
527 3655 681 3717 tantum
706 3639 750 3715 id
774 3639 861 3715 fieri
887 3640 996 3717 solet

300 3825 303 3834 ,
363 3755 455 3828 Non
482 3754 762 3856 reproducitur
776 3777 867 3855 pars
883 3755 1025 3831 radicis
1041 3769 1204 3841 resecta·
1223 3753 1294 3830 sed

243 3865 386 3965 ¹hujus
419 3865 518 3952 loco>
543 3870 642 3946 rami
676 3883 870 3968 augentur
895 3870 984 3967 (Du
1008 3868 1148 3946 Hamel
1174 3868 1197 3944 l.
1225 3866 1291 3962 c).

266 3986 376 4058 Num
400 3996 528 4083 partes
561 3997 744 4060 exsectae·
761 3983 1032 4060 restituanturr
1048 3982 1150 4059 mihi
1180 3982 1294 4080 igno-

265 4108 355 4172 tum
380 4110 451 4183 est,
476 4111 695 4197 putovero
719 4097 762 4174 id
787 4097 874 4178 fieri
899 4097 1012 4174 utin
1038 4096 1158 4174 caule.
