2848 4888
529 349 772 424 PLANTA.
1115 349 1164 424 tt

142 543 397 645 divergentia,
429 557 468 622 et
499 545 663 622 cellulae
686 543 847 624 seriatre
871 543 1042 647 probant
1064 547 1164 649 ipsa-

140 686 234 737 rum
269 671 530 761 prototypum
553 659 743 736 tubulum
773 683 867 737 esse.
915 660 1164 738 Ramificatio

140 798 328 851 vasorum
353 773 531 850 animalis
555 771 728 850 formam
752 773 860 852 sistit.
907 773 1009 852 Hinc
1025 799 1165 850 nume-

140 913 210 964 rus
225 888 420 964 ternarius
437 912 458 962 a
474 911 587 964 ramo
605 889 793 990 utrinque
810 885 955 966 emisso
973 899 1012 962 et
1022 899 1164 986 trunco

140 1001 396 1089 intermedio,
427 1000 521 1078 hine
554 999 759 1102 quinarius
789 1001 954 1078 aramis
977 1000 1167 1103 utrinque

142 1116 306 1196 duobus
342 1129 380 1192 et
414 1127 557 1190 trunco
598 1114 854 1202 intermedio,
897 1114 991 1191 hinc
1036 1114 1167 1216 impar

141 1255 335 1308 numerus
382 1253 404 1304 a
444 1231 592 1304 Natura
639 1253 733 1334 prae
778 1228 942 1330 reliquis
988 1227 1164 1308 dilectus.

140 1345 260 1422 Nisus
291 1365 429 1444 perse
454 1340 643 1418 existendi
669 1355 708 1418 et
730 1340 938 1419 individua
962 1339 1164 1420 formandi

42 1546 48 1554 ,
140 1469 180 1533 ct
215 1455 281 1532 hic
319 1452 601 1555 divergentiam
639 1469 678 1534 et
705 1455 1034 1544 ramificationem
1071 1484 1165 1561 pro-

141 1569 260 1650 ducit

144 1826 213 1918 18.
273 1824 480 1916 Plantae
514 1841 893 1944 componuntur
924 1788 1165 1948 ereceplo·

205 1969 309 2056 colis
341 1993 470 2084 quae
500 1961 655 2057 fluida
684 1966 947 2085 recipiunt.
1062 2029 1065 2036 ·

238 2139 418 2239 Corpora
456 2137 638 2236 organica
677 2162 763 2214 non
800 2138 933 2216 solum
971 2137 1164 2230 esolidiS,

141 2249 212 2328 sed
246 2275 411 2354 qnoque
444 2274 466 2327 e
495 2249 630 2326 fluidis
655 2251 875 2354 composita
900 2267 1010 2343 sunt,
1041 2255 1094 2330 ita
1119 2267 1165 2330 ut

141 2365 291 2445 solidae
322 2381 467 2475 partes!
485 2363 713 2468 saepissime
745 2365 988 2468 receptacula
1022 2368 1165 2444 consti-

140 2495 254 2558 tuant
282 2479 417 2558 fluidis
447 2475 692 2580 recipiendis.
748 2479 790 2555 Si
817 2479 1013 2556 dimensio
1038 2481 1166 2580 longi-

139 2594 328 2672 tudinalis
344 2595 494 2671 horum
510 2591 851 2694 receptaculorum
865 2593 1034 2697 reliquas
1047 2593 1166 2693 longe

141 2723 314 2812 superat,
341 2737 430 2784 ruso
455 2705 662 2793 dicuntum
687 2707 718 2782 si
744 2705 936 2796 latitudo,
965 2709 1072 2784 stitus
1098 2734 1166 2784 vo-

143 2837 249 2910 cant,
290 2820 323 2896 si
363 2846 458 2897 vero
492 2819 600 2896 nulla
634 2819 831 2896 dimensio
856 2819 1028 2922 reliquas
1052 2820 1166 2898 valde

102 2997 105 3004 .
143 2949 318 3038 superat,
351 2935 503 3011 utriculi
529 2946 729 3013 vocantur.
793 2938 1007 3012 Moventur
1040 2933 1166 3012 fluida

142 3039 185 3124 in
219 3046 327 3124 hisce
357 3047 457 3124 vasis
488 3061 556 3123 aut
583 3060 701 3122 motu
730 3044 838 3122 lento
871 3060 911 3121 et
940 3047 1002 3122 vix
1033 3049 1167 3125 obser-

142 3160 293 3251 vando,
334 3175 402 3238 aut
432 3161 522 3238 sotis
556 3159 671 3238 celeri
705 3173 743 3236 et
768 3160 1002 3262 conspicuo,
1044 3187 1167 3262 quem

142 3263 366 3352 fluidorum
397 3287 558 3350 motum
588 3274 632 3348 in
664 3275 764 3350 vasis
787 3277 979 3352 Auctores
1012 3273 1166 3352 charac-
1201 3369 1206 3380 Ι

142 3403 268 3466 terem
308 3389 543 3491 primarium
575 3388 753 3490 corporis
785 3389 958 3488 organici
990 3413 1074 3466 esse
1107 3388 1168 3464 di-

142 3517 284 3579 xerunt
314 3502 531 3602 (Erxleben
564 3501 891 3600 Ansangsgriinde
923 3501 995 3605 der
1025 3507 1167 3580 Natur-

144 3616 366 3716 geschichte
390 3619 420 3716 5.
447 3617 516 3714 7.).

239 3735 287 3808 In
312 3731 454 3833 plantis
477 3729 659 3809 videmus
682 3745 808 3807 totam
832 3730 915 3808 fere
932 3753 1165 3833 compagem
1210 3719 1212 3728 ⁴

145 3864 190 3920 ex
227 3835 406 3922 utriculis
437 3837 617 3947 vasisque
649 3846 917 3936 constitutam,
954 3870 1073 3922 succo
1106 3871 1167 3920 re·

129 3955 276 4071 pletis,
309 3983 382 4035 nec
405 3957 488 4060 fere
514 3959 610 4036 aliae
634 3973 762 4062 partes
786 3961 828 4036 in
853 3960 984 4062 planta
1008 3957 1165 4056 juniore

139 4085 186 4148 et
201 4086 332 4171 vegeta
350 4072 712 4176 deprehenduntur.
754 4077 800 4154 In
818 4073 1053 4151 animalibus
1062 4078 1164 4153 ,vero
