2848 4888
511 351 752 428 PLANTA.
1098 355 1144 434 21

219 545 376 648 Corpus
416 543 512 625 v'ero
549 547 780 647 organicum
802 547 1012 650 :quamdiu
1051 553 1145 630 vivit

118 655 370 738 individuam
400 676 583 738 naturam
614 677 832 753 conservat,
847 663 993 740 'omnia
1023 665 1144 764 igitur
1265 732 1267 738 ,

118 771 246 848 aliena
269 775 313 851 iu
337 801 452 852 suam
475 785 632 854 mutare
654 775 788 855 studet
809 790 1001 866 naturam,
1017 781 1142 856 nutri·
1175 825 1178 830 -

116 907 200 983 tur,
238 892 395 991 organis
428 889 623 968 sentiendi
659 887 866 968 instruitur
891 905 929 968 et
951 914 1142 994 propaga-

115 1021 186 1084 tur
226 1023 273 1088 ut
313 1004 485 1108 speciem
525 1017 736 1084 conservet.
808 1006 943 1084 Planta
986 1007 1142 1105 organis

115 1121 315 1200 sentiendi
356 1132 475 1202 caret,
517 1142 695 1221 quorum
730 1116 822 1195 loco
861 1120 1142 1220 expansionem

113 1251 273 1314 tantum
298 1233 466 1336 quaerit,
491 1257 570 1332 qua
595 1231 805 1322 elementa,
831 1257 932 1336 quae
950 1235 1141 1325 ambiunt,

45 1425 51 1434 .
112 1350 237 1428 veluti
262 1345 518 1448 amplectitur.
621 1423 624 1428 ,
1135 1393 1139 1404 .

211 1465 281 1540 Est
309 1461 431 1560 igitur
462 1458 594 1562 planta
625 1459 816 1540 membris
850 1459 1013 1550 donata,
1038 1487 1141 1565 quae

115 1576 324 1656 nutritioni
348 1575 575 1663 inserviunt,
600 1599 769 1675 corpora
795 1576 919 1653 aliena
941 1576 1140 1667 hauriunt,

117 1715 242 1794 eaque
254 1690 413 1793 corpori
429 1689 583 1792 plantae
596 1689 737 1766 similia
749 1690 933 1766 reddunt
959 1692 1140 1774 Partibus

116 1808 159 1884 in
172 1804 421 1884 latitudinem
435 1802 611 1904 expansis
624 1805 849 1904 saepissime
865 1805 1019 1903 gaudet,
1038 1829 1150 1908 quae·

118 1920 295 1998 similiter
334 1917 543 1996 nutritioni
573 1930 642 1995 aut
673 1918 923 1996 concoctioni
955 1920 1139 1996 ciborum

113 2035 350 2120 inserviunt,
390 2031 511 2108 simul
541 2055 636 2108 vero
669 2054 912 2128 organorum
944 2031 1137 2110 sentiendi

112 2147 250 2224 locum
287 2147 486 2234 obtinent,
524 2145 584 2222 uti
622 2143 774 2226 dictum
816 2157 882 2222 est.
944 2149 1059 2223 Tunc
1086 2143 1138 2246 ad

112 2262 409 2362 generationem
446 2282 531 2336 sese
567 2258 760 2337 convertit
795 2271 833 2334 et
862 2256 986 2336 varias
1009 2270 1137 2359 partes

110 2376 315 2480 producit,
344 2374 520 2452 somnam
551 2371 920 2474 propagatoriami.
944 2396 976 2449 e.
1000 2371 1148 2474 sphae-

110 2490 291 2569 roideam
317 2489 442 2586 magis
465 2487 647 2564 minusve
673 2485 909 2564 exhibentes.

208 2585 317 2666 Finis
360 2585 571 2688 primanus
614 2583 769 2686 plantae
820 2581 1026 2659 individua
1079 2593 1138 2657 est

109 2701 237 2805 ipsius
269 2713 418 2776 natura.
470 2699 572 2774 Huic
604 2697 790 2775 convenit
812 2695 942 2774 forma
966 2718 1135 2796 symme-

110 2817 224 2903 trica,
267 2813 361 2891 buic
409 2811 622 2888 necessaria
663 2826 757 2888 sunt
798 2810 995 2897 membra,
1045 2807 1135 2884 fun-

111 2929 278 3006 ctiones·
318 2925 519 3014 babentia,
569 2922 661 3000 fini.
690 2923 849 3002 cuidam
890 2922 1135 3008 secundario,

85 3127 86 3130 ,
108 3042 300 3148 primario
324 3036 567 3127 inservienti,
592 3037 879 3117 convenientes.

110 3341 182 3434 16.
253 3339 547 3430 Plantarum
580 3335 913 3456 explicationi
958 3335 1131 3453 impedi-

171 3499 342 3571 menta.
373 3475 591 3582 obstant,
643 3490 727 3569 aut
778 3475 995 3576 interna,
1048 3483 1131 3562 aut

170 3633 387 3713 externa.

208 3829 249 3906 si
287 3825 396 3904 nulla
431 3839 560 3903 essent
590 3823 890 3925 impedimenta,
927 3821 1056 3922 planta
1082 3815 1132 3891 ad

111 3939 440 4043 perfectissimum
465 3940 644 4041 corporis
669 3937 841 4038 organici
867 3947 1011 4014 statum
1039 3957 1132 4033 pro-

112 4053 282 4144 cederet,
313 4079 386 4132 nec
418 4055 580 4134 varietas
612 4068 713 4133 ess-et
743 4053 967 4157 plantarum
1006 4048 1131 4147 magis
