2852 4872
555 367 716 442 FLOS.
1071 364 1152 438 265..

9 631 11 636 .
127 561 203 639 llos
233 563 352 640 habet
380 562 672 666 receptaculum
701 559 891 642 filiforme
915 559 1145 636 distinctum

128 678 301 777 squamis
327 679 570 753 amentaceis.
620 682 750 772 Quem
768 688 922 751 secutus
940 689 998 750 est
1016 675 1146 750 Smitb

25 830 27 837 ·
128 794 280 888 (Botan.
299 797 511 868 Grammat
527 791 694 894 translat
713 813 831 887 germ.
850 789 999 864 Weim.
1014 789 1146 883 1822).

126 906 309 1007 Plerique
350 931 443 982 vero
486 907 675 981 Auctores
721 929 813 978 cum
857 901 1146 977 Willdenowio

129 1018 358 1116 (Grundril's
385 1019 421 1094 d.
445 1019 644 1095 Kriiuterk.
669 1022 702 1092 6.
727 1016 828 1094 Auss.
853 1043 889 1116 p.
916 1016 989 1113 71.)
1016 1041 1161 1120 amenf,

127 1144 216 1207 tum
240 1133 513 1234 pedunculum
539 1129 769 1206 filiformem
794 1144 943 1217 vocant,
973 1131 1148 1232 squamis

130 1243 342 1321 obtectum.
392 1245 485 1320 Tale
511 1259 715 1319 amentum
741 1271 762 1320 a
788 1245 892 1346 spica
911 1268 996 1320 non
1014 1244 1148 1319 distin-

128 1380 240 1454 gues,
265 1385 357 1434 nam
383 1383 569 1458 squamae
593 1360 770 1434 bracteae
796 1372 896 1444 sunt,
919 1373 956 1434 et
971 1353 1149 1433 bracteae

127 1469 247 1546 flores
271 1472 470 1572 spicarum
494 1474 721 1573 saepissime
748 1472 1004 1570 distinguunt.

222 1585 418 1660 Linnacus
443 1585 583 1660 nullibi
608 1586 755 1661 indicat
780 1584 989 1685 quomodo
1017 1611 1149 1688 recepev

126 1698 349 1774 taculuma
374 1697 603 1800 pedunculo
630 1697 807 1774 filisormi
825 1698 1149 1796 distinguendum

130 1812 218 1886 sit
240 1812 447 1886 Character
470 1813 512 1887 in
535 1824 698 1911 promtu
715 1825 786 1897 est;
820 1825 1022 1888 amentum
1039 1827 1152 1894 voca-

129 1929 238 2011 mus,
281 1950 372 2000 cum
413 1924 663 2025 pedunculus
703 1925 776 2000 iste
816 1923 1012 2016 filisormis
1058 1951 1152 2002 cum
1266 1931 1268 1938 ’

131 2039 321 2112 omnibus
353 2039 519 2115 floribus
550 2038 669 2113 simul
695 2038 850 2114 decidit
898 2039 1093 2114 Florem
1083 2043 1154 2138 igi-

128 2162 195 2225 tur
219 2150 378 2227 simulat
401 2166 621 2240 amentum,
647 2165 685 2227 et
707 2152 958 2253 pedunculus
971 2167 1152 2302 recepta-

131 2263 267 2340 culum
293 2267 399 2341 sistit.
1143 2362 1146 2368 ¹

228 2379 354 2454 Simili
393 2380 518 2457 modo
549 2379 680 2457 strobil
664 2383 725 2456 lus
754 2379 956 2457 vocandus
995 2379 1153 2475 eafru-

132 2507 270 2568 ctuum
304 2496 538 2592 aggregatim
569 2520 646 2594 qua
671 2493 922 2594 pedunculus
949 2518 1040 2568 cum
1065 2491 1153 2570 bra-

134 2608 226 2682 ctcis
257 2622 415 2683 maturo
450 2606 582 2684 fructu
613 2607 732 2683 simul
767 2607 921 2682 decidit
976 2609 1040 2684 ait
1063 2610 1153 2684 Lin-

132 2743 254 2811 naeus
292 2720 496 2817 (Praelect.
532 2722 575 2796 in
620 2722 746 2798 ordin.
789 2721 950 2821 plantar.
991 2722 1153 2797 naturale

131 2861 169 2934 p.
201 2833 323 2928 587.):
375 2835 457 2908 Sub
496 2834 651 2931 singulo
686 2835 831 2910 amenti
864 2834 964 2910 ssore
990 2853 1158 2934 squama

133 2946 194 3021 vel
219 2946 371 3022 bractea
396 2947 546 3035 hae1·,et
572 2973 674 3047 quae
698 2973 730 3023 ει
719 2948 955 3024 induratur
973 2947 1172 3044 etlignea,¹

135 3060 277 3148 evadit,
303 3071 509 3137 amentum
528 3062 574 3136 in
599 3059 809 3138 strobilum
833 3073 1018 3190 mutatur
1073 3064 1155 3136 Nec

132 3189 353 3276 repugnant
377 3190 565 3251 auctores.
628 3184 630 3192 '
1089 3193 1093 3210 “

179 3289 546 3391 Hypan'tlrodzum
578 3303 634 3366 est
657 3288 873 3390 pedunculi
899 3313 994 3389 apex
1019 3310 1156 3363 carno·

134 3427 204 3477 sus
226 3427 318 3477 cum
343 3400 536 3478 fructibus
562 3404 681 3480 simul
707 3403 875 3505 aplanta
897 3403 1059 3479 solutus.
1108 3406 1156 3479 In

132 3519 349 3617 Artocarpo
375 3515 548 3593 formam
574 3518 769 3615 vulgatam
794 3516 1009 3619 pedunculi
1026 3517 1155 3602 babet,

132 3631 176 3704 in
201 3633 409 3707 Dorstenia
434 3631 547 3707 valde
574 3631 782 3733 explicatus
808 3645 873 3718 est
909 3633 950 3706 in
976 3633 1073 3707 Ficu
1098 3631 1161 3708 die,

114 3743 272 3846 ,latatus
291 3758 336 3820 et
361 3744 514 3821 clausus
531 3745 651 3822 flores
668 3745 899 3846 fructusque
917 3747 1024 3822 intus
1039 3744 1158 3822 fovet.

132 3860 280 3932 Natura
305 3883 376 3934 sua
402 3860 467 3934 ab
477 3857 635 3936 amento
663 3885 734 3935 seu
758 3861 934 3936 strobile
941 3884 1025 3933 non
1041 3857 1161 3934 valde

135 3969 335 4071 discrepat.
385 3970 513 4070 Hujus
537 3975 695 4072 vestigia
720 3973 762 4048 iu
786 3974 867 4050 basi
885 3971 1032 4072 calycis
1049 3997 1158 4104 com·

132 4083 266 4158 munis
293 4087 617 4198 compositarum
643 4101 863 4164 occurrunt
