2840 4878
541 363 767 464 caocr's.
1006 461 1017 482 ,
1093 375 1164 454 ιιι

127 582 236 660 Petit
260 571 443 660 Thouars
465 559 576 664 lissai
600 577 754 674 vul.)
772 575 834 652 Si
857 563 1089 676 intelligitur
1110 579 1165 670 id,

129 696 250 798 quod
283 697 419 775 cortici
451 694 633 780 accrevit
665 691 752 768 fieri
783 691 955 789 lignum,
980 714 1070 770 non
1091 695 1165 771 du-

129 809 240 900 bito,
277 813 311 889 si
350 817 445 886 'vero
482 797 728 955 intelligitur,
764 829 853 882 vasa
889 805 1043 907 spiralia
1074 824 1167 911 post

130 921 286 1002 fibrosa
310 925 423 1013 oriri,
450 923 672 1000 dubito
707 967 711 972 -

236 1042 535 1141 Separationem
559 1047 773 1144 stratorum
790 1033 876 1111 fieri
897 1037 1166 1118 contractione

123 1145 211 1230 nec
236 1155 530 1255 compressione
553 1164 665 1256 puto.
716 1149 757 1224 si
783 1147 1079 1284 compressione
1095 1153 1166 1233 fie-'

129 1282 205 1356 ret
231 1269 392 1344 cellulae
416 1263 650 1341 medullae
639 1287 683 1337 m
708 1263 888 1342 caulibus
914 1268 1073 1342 annosis
1090 1271 1165 1345 mi
1180 1325 1185 1338 .
1212 1344 1215 1356 ,

132 1403 279 1458 nores
293 1394 420 1457 essent
457 1393 495 1455 et
535 1378 736 1464 coarctati,
775 1377 889 1479 quod
929 1383 1163 1484 neutiquam

133 1495 373 1571 observatur.
436 1497 518 1569 Hac
556 1475 826 1570 contractione
863 1519 951 1571 vasa
988 1495 1164 1575 llexuosa
1210 1587 1212 1596 Ι

128 1633 182 1686 ex
204 1609 426 1685 reticulato
432 1608 686 1720 incremento
697 1608 823 1706 magis
838 1610 1044 1712 magisque
1060 1629 1164 1691 recta

134 1723 310 1800 evadunt
334 1735 372 1799 et
397 1713 508 1798 areae
531 1722 710 1797 minores
736 1720 1000 1818 (Grundlehr.
1026 1753 1063 1832 p.
1081 1731 1162 1804 153.

135 1842 220 1916 157.
257 1827 374 1944 161..)
435 1840 536 1913 Ante
567 1834 694 1909 finem
724 1836 873 1910 mensis
897 1839 1001 1914 Iunii
1017 1855 1066 1916 et
1088 1842 1163 1916 ini-

134 1954 238 2030 tium
262 1939 367 2029 Iulii
379 1965 543 2026 stratum
568 1947 787 2078 formatum
813 1949 1053 2050 distinguere
1069 1976 1162 2030 non

133 2068 267 2170 potui,
310 2079 555 2168 quamquam
587 2063 639 2136 in
679 2062 751 2150 iis,-
762 2063 966 2163 quarum
1006 2065 1161 2172 lignum

135 2182 228 2280 gelu
258 2194 406 2257 tactum
433 2192 535 2265 erat,
567 2177 681 2252 initio·
704 2177 815 2252 veris
839 2175 918 2275 jam
942 2180 1163 2257 luculenter

136 2307 349 2398 appareret.
916 2323 920 2331 ¹
957 2307 995 2334 “

230 2409 343 2508 Ligni
377 2421 491 2484 strata
525 2405 823 2507 compressione
846 2431 931 2484 non
957 2410 1098 2485 exoriri
1124 2421 1163 2485 et

134 2524 278 2627 probat
316 2521 485 2599 morbus
526 2521 787 2620 (alburnit'as)
830 2546 912 2624 quo
958 2523 1162 2622 'singulum

135 2652 301 2714 stratum
323 2638 426 2712 inter
448 2635 600 2736 reliqua
624 2634 748 2711 molle
773 2651 989 2736 permanet
999 2638 1055 2714 vde
1077 2654 1159 2740 quo

133 2753 238 2828 bene
261 2749 440 2826 Medicus
466 2751 640 2847 (Beytr.
641 2775 673 2823 ι.
698 2749 768 2826 Pss
793 2753 903 2826 Anat.
928 2756 961 2826 1.
986 2751 1116 2850 nest).

158 2877 159 2880 ’
234 2867 359 2940 Strata
398 2863 538 2938 extima
568 2849 666 2960 ligni
700 2865 829 2938 serius
864 2865 1160 2952 contrahuntur,

134 2971 230 3055 hinc
265 2976 449 3052 molliora
483 2964 721 3082 permanent
758 2988 815 3052 et
809 2977 1067 3055 ἰιΙόιιιιιιιιιιΗ
1078 2978 1161 3055 sor

134 3089 254 3168 mant.
309 3081 356 3167 In
390 3091 661 3191 quibusdam
656 3083 873 3166 arboribus
904 3117 1079 3168 crassum
1104 3107 1162 3170 est

133 3206 365 3293 alburnum,
397 3207 627 3306 praesertim
651 3206 797 3292 iniis,
835 3229 937 3305 quae
975 3201 1160 3294 molliore

130 3318 332 3422 praeditae
355 3333 449 3394 sunt
472 3319 666 3418 lignosm
684 3309 768 3396 aliis
786 3320 1005 3433 etquidem
1024 3309 1160 3398 durio·

132 3435 185 3508 ris
211 3433 330 3531 ligni,
347 3447 475 3510 tenue
695 3445 700 3458 '

231 3549 432 3650 Separatio
477 3549 632 3626 corticis
650 3597 653 3604 ι
671 3560 709 3626 et
744 3548 888 3648 ligni
877 3574 920 3625 m
941 3548 1158 3626 herbaceis

131 3657 267 3736 locum
293 3682 381 3738 non
402 3662 529 3739 habet.
578 3667 625 3741 In
644 3665 852 3740 arboribus
874 3662 1157 3739 tantummodo

133 3788 333 3874 separatur
356 3791 497 3852 cortex
528 3802 634 3866 vere,
654 3791 875 3878 antequam
899 3776 1018 3854 folia
1022 3795 1154 3853 erum-

130 3901 241 3988 pant,
265 3902 352 3964 tum
378 3904 529 3980 aestate
552 3907 659 3994 post
672 3916 880 3990 ramorum
906 3892 1157 4001 eruptionem

131 4014 171 4087 et
193 3999 477 4096 formationem
503 4020 591 4082 ante
615 3983 808 4094 foliorum
835 4027 999 4080 casum.
1012 4005 1155 4081 “Causa

129 4117 389 4217 separationis
425 4119 468 4194 in
505 4118 748 4218 vegetatione
783 4119 826 4194 in
867 4117 976 4194 hunc
1015 4111 1155 4196 locum
