<?xml version="1.0" encoding="UTF-8"?>
<!DOCTYPE html PUBLIC "-//W3C//DTD XHTML 1.0 Transitional//EN"
    "http://www.w3.org/TR/xhtml1/DTD/xhtml1-transitional.dtd">
<html xmlns="http://www.w3.org/1999/xhtml" xml:lang="en" lang="en">
 <head>
  <title>
</title>
<meta http-equiv="Content-Type" content="text/html;charset=utf-8" />
  <meta name='ocr-system' content='tesseract 3.04.00' />
  <meta name='ocr-capabilities' content='ocr_page ocr_carea ocr_par ocr_line ocrx_word'/>
</head>
<body>
  <div class='ocr_page' id='page_1' title='image "./elementaphiloso00linkgoog_0168.png"; bbox 0 0 2840 4878; ppageno 0'>
   <div class='ocr_carea' id='block_1_1' title="bbox 532 365 1158 460">
    <p class='ocr_par' dir='ltr' id='par_1_1' title="bbox 532 365 1158 460">
     <span class='ocr_line' id='line_1_1' title="bbox 532 365 1158 460; baseline 0 -12"><span class='ocrx_word' id='word_1_1' title='bbox 532 371 760 452; x_wconf 75' lang='lat' dir='ltr'>cnunls.</span> <span class='ocrx_word' id='word_1_2' title='bbox 972 365 1002 460; x_wconf 57' lang='lat'>,¹</span> <span class='ocrx_word' id='word_1_3' title='bbox 1082 371 1158 448; x_wconf 76' lang='grc'>159</span> 
     </span>
    </p>
   </div>
   <div class='ocr_carea' id='block_1_2' title="bbox 10 568 1250 4223">
    <p class='ocr_par' dir='ltr' id='par_1_2' title="bbox 10 568 1218 677">
     <span class='ocr_line' id='line_1_2' title="bbox 10 568 1218 677; baseline -0.006 -25"><span class='ocrx_word' id='word_1_4' title='bbox 10 617 12 668; x_wconf 52' lang='lat' dir='ltr'>t</span> <span class='ocrx_word' id='word_1_5' title='bbox 129 570 246 676; x_wconf 78' lang='lat' dir='ltr'>qnod</span> <span class='ocrx_word' id='word_1_6' title='bbox 272 572 393 677; x_wconf 82' lang='lat' dir='ltr'>plane</span> <span class='ocrx_word' id='word_1_7' title='bbox 424 572 840 677; x_wconf 69' lang='lat' dir='ltr'>perenchymnosum</span> <span class='ocrx_word' id='word_1_8' title='bbox 872 583 994 671; x_wconf 84' lang='lat' dir='ltr'>quam</span> <span class='ocrx_word' id='word_1_9' title='bbox 1024 569 1073 648; x_wconf 87' lang='lat' dir='ltr'>in</span> <span class='ocrx_word' id='word_1_10' title='bbox 1097 568 1157 646; x_wconf 86' lang='lat' dir='ltr'>in·</span> <span class='ocrx_word' id='word_1_11' title='bbox 1216 585 1218 590; x_wconf 76' lang='grc'>’</span> 
     </span>
    </p>

    <p class='ocr_par' dir='ltr' id='par_1_3' title="bbox 10 681 1170 1361">
     <span class='ocr_line' id='line_1_3' title="bbox 127 681 1170 792; baseline -0.002 -28.202"><span class='ocrx_word' id='word_1_12' title='bbox 127 689 276 778; x_wconf 76' lang='lat' dir='ltr'>teriore</span> <span class='ocrx_word' id='word_1_13' title='bbox 308 689 460 790; x_wconf 85' lang='lat' dir='ltr'>(libro)</span> <span class='ocrx_word' id='word_1_14' title='bbox 494 687 608 792; x_wconf 88' lang='lat' dir='ltr'>quod</span> <span class='ocrx_word' id='word_1_15' title='bbox 638 687 848 791; x_wconf 81' lang='lat' dir='ltr'>praecipue</span> <span class='ocrx_word' id='word_1_16' title='bbox 876 681 1093 772; x_wconf 79' lang='lat' dir='ltr'>ttbmsum,</span> <span class='ocrx_word' id='word_1_17' title='bbox 1119 697 1170 762; x_wconf 83' lang='lat' dir='ltr'>et·</span> 
     </span>
     <span class='ocr_line' id='line_1_4' title="bbox 129 797 1158 906; baseline 0.002 -26"><span class='ocrx_word' id='word_1_18' title='bbox 129 804 175 880; x_wconf 90' lang='lat' dir='ltr'>in</span> <span class='ocrx_word' id='word_1_19' title='bbox 210 804 367 893; x_wconf 81' lang='lat' dir='ltr'>medio,</span> <span class='ocrx_word' id='word_1_20' title='bbox 404 803 518 906; x_wconf 92' lang='lat' dir='ltr'>quod</span> <span class='ocrx_word' id='word_1_21' title='bbox 555 828 601 881; x_wconf 85' lang='lat' dir='ltr'>ex</span> <span class='ocrx_word' id='word_1_22' title='bbox 636 817 810 904; x_wconf 87' lang='lat' dir='ltr'>utroque</span> <span class='ocrx_word' id='word_1_23' title='bbox 834 801 1014 878; x_wconf 81' lang='lat' dir='ltr'>mixtum.</span> <span class='ocrx_word' id='word_1_24' title='bbox 1073 797 1158 882; x_wconf 82' lang='lat' dir='ltr'>sed</span> 
     </span>
     <span class='ocr_line' id='line_1_5' title="bbox 126 914 1158 1018; baseline -0.002 -24"><span class='ocrx_word' id='word_1_25' title='bbox 126 931 246 994; x_wconf 84' lang='lat' dir='ltr'>strata</span> <span class='ocrx_word' id='word_1_26' title='bbox 271 917 414 996; x_wconf 83' lang='lat' dir='ltr'>haecce</span> <span class='ocrx_word' id='word_1_27' title='bbox 438 927 723 1018; x_wconf 86' lang='lat' dir='ltr'>non&#39;separata</span> <span class='ocrx_word' id='word_1_28' title='bbox 747 929 848 992; x_wconf 84' lang='lat' dir='ltr'>sunt.</span> <span class='ocrx_word' id='word_1_29' title='bbox 896 914 1050 992; x_wconf 73' lang='lat' dir='ltr'>Eitima</span> <span class='ocrx_word' id='word_1_30' title='bbox 1066 939 1158 1016; x_wconf 90' lang='lat' dir='ltr'>pars</span> 
     </span>
     <span class='ocr_line' id='line_1_6' title="bbox 127 1029 1159 1131; baseline 0.005 -24"><span class='ocrx_word' id='word_1_31' title='bbox 127 1031 287 1110; x_wconf 75' lang='lat' dir='ltr'>‚corticis</span> <span class='ocrx_word' id='word_1_32' title='bbox 312 1047 381 1112; x_wconf 89' lang='lat' dir='ltr'>aut</span> <span class='ocrx_word' id='word_1_33' title='bbox 405 1031 585 1131; x_wconf 74' lang='lat' dir='ltr'>dejicitur</span> <span class='ocrx_word' id='word_1_34' title='bbox 610 1030 843 1130; x_wconf 73' lang='lat' dir='ltr'>(Pictanus)</span> <span class='ocrx_word' id='word_1_35' title='bbox 869 1029 1159 1130; x_wconf 79' lang='lat' dir='ltr'>autrumpitur</span> 
     </span>
     <span class='ocr_line' id='line_1_7' title="bbox 128 1142 1158 1241; baseline -0.004 -17"><span class='ocrx_word' id='word_1_36' title='bbox 128 1147 246 1224; x_wconf 84' lang='lat' dir='ltr'>variis</span> <span class='ocrx_word' id='word_1_37' title='bbox 270 1146 415 1226; x_wconf 88' lang='lat' dir='ltr'>modis.</span> <span class='ocrx_word' id='word_1_38' title='bbox 462 1143 671 1223; x_wconf 84' lang='lat' dir='ltr'>Interdum</span> <span class='ocrx_word' id='word_1_39' title='bbox 699 1142 843 1222; x_wconf 84' lang='lat' dir='ltr'>effoeta</span> <span class='ocrx_word' id='word_1_40' title='bbox 873 1143 920 1220; x_wconf 90' lang='lat' dir='ltr'>fit</span> <span class='ocrx_word' id='word_1_41' title='bbox 953 1143 1158 1241; x_wconf 84' lang='lat' dir='ltr'>(Quercus</span> 
     </span>
     <span class='ocr_line' id='line_1_8' title="bbox 130 1258 1157 1361; baseline -0.003 -24"><span class='ocrx_word' id='word_1_42' title='bbox 130 1262 293 1359; x_wconf 86' lang='lat' dir='ltr'>Suber).</span> <span class='ocrx_word' id='word_1_43' title='bbox 343 1260 581 1338; x_wconf 88' lang='lat' dir='ltr'>Mutationes</span> <span class='ocrx_word' id='word_1_44' title='bbox 607 1259 811 1338; x_wconf 80' lang='lat' dir='ltr'>corticis&#39;a</span> <span class='ocrx_word' id='word_1_45' title='bbox 836 1258 1041 1361; x_wconf 81' lang='lat' dir='ltr'>pressione</span> <span class='ocrx_word' id='word_1_46' title='bbox 1060 1258 1157 1356; x_wconf 84' lang='lat' dir='ltr'>ligni</span> 
     </span>
    </p>

    <p class='ocr_par' dir='ltr' id='par_1_4' title="bbox 10 1372 1250 4223">
     <span class='ocr_line' id='line_1_9' title="bbox 10 1372 1158 1475; baseline 0 -25"><span class='ocrx_word' id='word_1_47' title='bbox 10 1407 11 1410; x_wconf 41' lang='lat'>¹</span> <span class='ocrx_word' id='word_1_48' title='bbox 127 1376 268 1451; x_wconf 80' lang='lat' dir='ltr'>accreti</span> <span class='ocrx_word' id='word_1_49' title='bbox 292 1399 377 1451; x_wconf 89' lang='lat' dir='ltr'>non</span> <span class='ocrx_word' id='word_1_50' title='bbox 402 1373 718 1462; x_wconf 59' lang='lat' dir='ltr'>odansue-nam</span> <span class='ocrx_word' id='word_1_51' title='bbox 741 1373 785 1450; x_wconf 93' lang='lat' dir='ltr'>in</span> <span class='ocrx_word' id='word_1_52' title='bbox 807 1387 918 1474; x_wconf 85' lang='lat' dir='ltr'>parte</span> <span class='ocrx_word' id='word_1_53' title='bbox 933 1372 1158 1475; x_wconf 82' lang='lat' dir='ltr'>rumpenda</span> 
     </span>
     <span class='ocr_line' id='line_1_10' title="bbox 126 1487 1157 1578; baseline 0.002 -16"><span class='ocrx_word' id='word_1_54' title='bbox 126 1487 236 1564; x_wconf 92' lang='lat' dir='ltr'>nulla</span> <span class='ocrx_word' id='word_1_55' title='bbox 274 1487 506 1568; x_wconf 73' lang='lat' dir='ltr'>cellularum</span> <span class='ocrx_word' id='word_1_56' title='bbox 532 1487 733 1566; x_wconf 82' lang='lat' dir='ltr'>distractio</span> <span class='ocrx_word' id='word_1_57' title='bbox 766 1487 1012 1578; x_wconf 61' lang='lat' dir='ltr'>observatur,</span> <span class='ocrx_word' id='word_1_58' title='bbox 1037 1512 1089 1567; x_wconf 86' lang='lat' dir='ltr'>ne</span> <span class='ocrx_word' id='word_1_59' title='bbox 1112 1489 1157 1564; x_wconf 93' lang='lat' dir='ltr'>in</span> 
     </span>
     <span class='ocr_line' id='line_1_11' title="bbox 124 1600 945 1703; baseline 0.002 -25"><span class='ocrx_word' id='word_1_60' title='bbox 124 1600 285 1678; x_wconf 80' lang='lat' dir='ltr'>effoetis</span> <span class='ocrx_word' id='word_1_61' title='bbox 310 1601 476 1703; x_wconf 86' lang='lat' dir='ltr'>quidem</span> <span class='ocrx_word' id='word_1_62' title='bbox 503 1617 541 1678; x_wconf 90' lang='lat' dir='ltr'>et</span> <span class='ocrx_word' id='word_1_63' title='bbox 564 1605 775 1682; x_wconf 87' lang='lat' dir='ltr'>suberosis.</span> <span class='ocrx_word' id='word_1_64' title='bbox 941 1613 945 1620; x_wconf 89' lang='lat'>&#39;</span> 
     </span>
     <span class='ocr_line' id='line_1_12' title="bbox 124 1718 1158 1816; baseline 0.002 -23"><span class='ocrx_word' id='word_1_65' title='bbox 124 1767 132 1776; x_wconf 87' lang='lat'>-</span> <span class='ocrx_word' id='word_1_66' title='bbox 226 1719 371 1793; x_wconf 85' lang='lat' dir='ltr'>Cortex</span> <span class='ocrx_word' id='word_1_67' title='bbox 417 1741 491 1816; x_wconf 93' lang='lat' dir='ltr'>per</span> <span class='ocrx_word' id='word_1_68' title='bbox 528 1730 652 1794; x_wconf 87' lang='lat' dir='ltr'>strata</span> <span class='ocrx_word' id='word_1_69' title='bbox 698 1743 784 1796; x_wconf 93' lang='lat' dir='ltr'>non</span> <span class='ocrx_word' id='word_1_70' title='bbox 829 1718 1019 1796; x_wconf 84' lang='lat' dir='ltr'>increscit.</span> <span class='ocrx_word' id='word_1_71' title='bbox 1072 1719 1158 1796; x_wconf 79' lang='lat' dir='ltr'>,Ex-</span> 
     </span>
     <span class='ocr_line' id='line_1_13' title="bbox 125 1828 1158 1932; baseline 0.004 -26"><span class='ocrx_word' id='word_1_72' title='bbox 125 1830 356 1932; x_wconf 86' lang='lat' dir='ltr'>ceptionem</span> <span class='ocrx_word' id='word_1_73' title='bbox 378 1829 461 1906; x_wconf 79' lang='lat' dir='ltr'>vidi</span> <span class='ocrx_word' id='word_1_74' title='bbox 484 1828 725 1928; x_wconf 82' lang='lat' dir='ltr'>singularem</span> <span class='ocrx_word' id='word_1_75' title='bbox 748 1833 792 1908; x_wconf 94' lang='lat' dir='ltr'>in</span> <span class='ocrx_word' id='word_1_76' title='bbox 818 1834 975 1911; x_wconf 88' lang='lat' dir='ltr'>Cortice</span> <span class='ocrx_word' id='word_1_77' title='bbox 1006 1833 1158 1910; x_wconf 87' lang='lat' dir='ltr'>Chinae</span> 
     </span>
     <span class='ocr_line' id='line_1_14' title="bbox 126 1943 1157 2046; baseline 0.002 -26"><span class='ocrx_word' id='word_1_78' title='bbox 126 1943 268 2033; x_wconf 81' lang='lat' dir='ltr'>flavae,</span> <span class='ocrx_word' id='word_1_79' title='bbox 292 1945 335 2020; x_wconf 91' lang='lat' dir='ltr'>in</span> <span class='ocrx_word' id='word_1_80' title='bbox 349 1967 436 2046; x_wconf 85' lang='lat' dir='ltr'>quo</span> <span class='ocrx_word' id='word_1_81' title='bbox 454 1957 570 2020; x_wconf 89' lang='lat' dir='ltr'>strata</span> <span class='ocrx_word' id='word_1_82' title='bbox 587 1947 937 2046; x_wconf 85' lang='lat' dir='ltr'>parenchymatosa</span> <span class='ocrx_word' id='word_1_83' title='bbox 955 1961 994 2023; x_wconf 88' lang='lat' dir='ltr'>et</span> <span class='ocrx_word' id='word_1_84' title='bbox 1008 1945 1157 2023; x_wconf 88' lang='lat' dir='ltr'>librosa</span> 
     </span>
     <span class='ocr_line' id='line_1_15' title="bbox 128 2057 772 2136; baseline 0.003 -2"><span class='ocrx_word' id='word_1_85' title='bbox 128 2058 351 2136; x_wconf 83' lang='lat' dir='ltr'>alternatim</span> <span class='ocrx_word' id='word_1_86' title='bbox 376 2057 451 2136; x_wconf 87' lang='lat' dir='ltr'>sibi</span> <span class='ocrx_word' id='word_1_87' title='bbox 477 2060 772 2136; x_wconf 84' lang='lat' dir='ltr'>accumbebant.</span> 
     </span>
     <span class='ocr_line' id='line_1_16' title="bbox 127 2172 1158 2278; baseline 0.006 -30"><span class='ocrx_word' id='word_1_88' title='bbox 127 2219 129 2226; x_wconf 68' lang='lat'><em>,</em></span> <span class='ocrx_word' id='word_1_89' title='bbox 225 2172 392 2250; x_wconf 87' lang='lat' dir='ltr'>Caulem</span> <span class='ocrx_word' id='word_1_90' title='bbox 434 2173 660 2270; x_wconf 62' lang='lat' dir='ltr'>e=gemmis</span> <span class='ocrx_word' id='word_1_91' title='bbox 695 2176 899 2278; x_wconf 88' lang='lat' dir='ltr'>ramisque</span> <span class='ocrx_word' id='word_1_92' title='bbox 939 2199 1158 2254; x_wconf 82' lang='lat' dir='ltr'>accrescere</span> 
     </span>
     <span class='ocr_line' id='line_1_17' title="bbox 126 2287 1158 2388; baseline 0.004 -26"><span class='ocrx_word' id='word_1_93' title='bbox 126 2287 332 2386; x_wconf 82' lang='lat' dir='ltr'>ingeniose</span> <span class='ocrx_word' id='word_1_94' title='bbox 380 2290 551 2388; x_wconf 88' lang='lat' dir='ltr'>probare</span> <span class='ocrx_word' id='word_1_95' title='bbox 600 2289 754 2366; x_wconf 87' lang='lat' dir='ltr'>studuit</span> <span class='ocrx_word' id='word_1_96' title='bbox 799 2291 900 2367; x_wconf 83' lang='lat' dir='ltr'>Aub.</span> <span class='ocrx_word' id='word_1_97' title='bbox 946 2289 1009 2366; x_wconf 88' lang='lat' dir='ltr'>du</span> <span class='ocrx_word' id='word_1_98' title='bbox 1055 2290 1158 2366; x_wconf 89' lang='lat' dir='ltr'>Petit</span> 
     </span>
     <span class='ocr_line' id='line_1_18' title="bbox 128 2400 1156 2504; baseline 0.008 -28"><span class='ocrx_word' id='word_1_99' title='bbox 128 2403 327 2478; x_wconf 84' lang='lat' dir='ltr'>Thouars.</span> <span class='ocrx_word' id='word_1_100' title='bbox 351 2400 483 2500; x_wconf 84' lang='lat' dir='ltr'>(Essai</span> <span class='ocrx_word' id='word_1_101' title='bbox 503 2403 578 2480; x_wconf 80' lang='lat' dir='ltr'>¹sur</span> <span class='ocrx_word' id='word_1_102' title='bbox 601 2403 885 2504; x_wconf 78' lang='lat' dir='ltr'>laregetation</span> <span class='ocrx_word' id='word_1_103' title='bbox 910 2403 980 2480; x_wconf 89' lang='lat' dir='ltr'>des</span> <span class='ocrx_word' id='word_1_104' title='bbox 1003 2403 1156 2504; x_wconf 81' lang='lat' dir='ltr'>plantes</span> 
     </span>
     <span class='ocr_line' id='line_1_19' title="bbox 125 2513 1156 2618; baseline 0.002 -26"><span class='ocrx_word' id='word_1_105' title='bbox 125 2541 198 2618; x_wconf 87' lang='lat' dir='ltr'>par</span> <span class='ocrx_word' id='word_1_106' title='bbox 237 2518 280 2592; x_wconf 63' lang='lat' dir='ltr'>A„</span> <span class='ocrx_word' id='word_1_107' title='bbox 323 2513 360 2591; x_wconf 91' lang='lat' dir='ltr'>d.</span> <span class='ocrx_word' id='word_1_108' title='bbox 396 2521 437 2594; x_wconf 87' lang='lat' dir='ltr'>P.</span> <span class='ocrx_word' id='word_1_109' title='bbox 474 2518 548 2593; x_wconf 84' lang='lat' dir='ltr'>Th.</span> <span class='ocrx_word' id='word_1_110' title='bbox 592 2523 677 2595; x_wconf 81' lang='lat' dir='ltr'>Par.</span> <span class='ocrx_word' id='word_1_111' title='bbox 694 2536 706 2590; x_wconf 88' lang='grc'>·.</span> <span class='ocrx_word' id='word_1_112' title='bbox 722 2518 864 2616; x_wconf 73' lang='lat' dir='ltr'>lun).</span> <span class='ocrx_word' id='word_1_113' title='bbox 930 2523 1016 2596; x_wconf 84' lang='lat' dir='ltr'>lam</span> <span class='ocrx_word' id='word_1_114' title='bbox 1055 2519 1156 2596; x_wconf 92' lang='lat' dir='ltr'>olim</span> 
     </span>
     <span class='ocr_line' id='line_1_20' title="bbox 126 2627 1156 2731; baseline 0.002 -25"><span class='ocrx_word' id='word_1_115' title='bbox 126 2627 310 2706; x_wconf 85' lang='lat' dir='ltr'>Wolfius</span> <span class='ocrx_word' id='word_1_116' title='bbox 326 2631 509 2727; x_wconf 86' lang='lat' dir='ltr'>&#39;gemmis</span> <span class='ocrx_word' id='word_1_117' title='bbox 538 2632 733 2708; x_wconf 88' lang='lat' dir='ltr'>radiculas</span> <span class='ocrx_word' id='word_1_118' title='bbox 764 2633 904 2708; x_wconf 84' lang='lat' dir='ltr'>tribuit</span> <span class='ocrx_word' id='word_1_119' title='bbox 935 2635 1050 2731; x_wconf 86' lang='lat' dir='ltr'>(Von</span> <span class='ocrx_word' id='word_1_120' title='bbox 1084 2631 1156 2710; x_wconf 89' lang='lat' dir='ltr'>der</span> 
     </span>
     <span class='ocr_line' id='line_1_21' title="bbox 127 2743 1154 2844; baseline 0.004 -26"><span class='ocrx_word' id='word_1_121' title='bbox 127 2743 429 2820; x_wconf 74' lang='lat' dir='ltr'>Fruchtbarkeit</span> <span class='ocrx_word' id='word_1_122' title='bbox 453 2745 522 2822; x_wconf 90' lang='lat' dir='ltr'>des</span> <span class='ocrx_word' id='word_1_123' title='bbox 541 2746 754 2824; x_wconf 77' lang='lat' dir='ltr'>Geireides.</span> <span class='ocrx_word' id='word_1_124' title='bbox 780 2748 822 2824; x_wconf 90' lang='lat' dir='ltr'>C.</span> <span class='ocrx_word' id='word_1_125' title='bbox 848 2751 880 2822; x_wconf 82' lang='lat'>6.</span> <span class='ocrx_word' id='word_1_126' title='bbox 906 2749 937 2844; x_wconf 66' lang='grc' dir='ltr'>ἓ.</span> <span class='ocrx_word' id='word_1_127' title='bbox 962 2751 1054 2824; x_wconf 81' lang='grc'><strong>5..6.</strong></span> <span class='ocrx_word' id='word_1_128' title='bbox 1088 2745 1154 2826; x_wconf 71' lang='lat' dir='ltr'>cfr„</span> 
     </span>
     <span class='ocr_line' id='line_1_22' title="bbox 127 2856 1155 2962; baseline 0.008 -28"><span class='ocrx_word' id='word_1_129' title='bbox 127 2856 269 2934; x_wconf 87' lang='lat' dir='ltr'>Rohr’s</span> <span class='ocrx_word' id='word_1_130' title='bbox 305 2857 607 2959; x_wconf 85' lang='lat' dir='ltr'>Phytotheolog.</span> <span class='ocrx_word' id='word_1_131' title='bbox 627 2888 677 2962; x_wconf 89' lang='lat' dir='ltr'>p.</span> <span class='ocrx_word' id='word_1_132' title='bbox 710 2861 802 2958; x_wconf 74' lang='lat' dir='ltr'>Sil).</span> <span class='ocrx_word' id='word_1_133' title='bbox 861 2863 970 2938; x_wconf 88' lang='lat' dir='ltr'>Tum</span> <span class='ocrx_word' id='word_1_134' title='bbox 994 2862 1155 2942; x_wconf 84' lang='lat' dir='ltr'>Darwin</span> 
     </span>
     <span class='ocr_line' id='line_1_23' title="bbox 127 2971 1156 3076; baseline 0.005 -30"><span class='ocrx_word' id='word_1_135' title='bbox 127 2971 302 3048; x_wconf 86' lang='lat' dir='ltr'>similem</span> <span class='ocrx_word' id='word_1_136' title='bbox 327 2972 544 3051; x_wconf 84' lang='lat' dir='ltr'>,theoriam</span> <span class='ocrx_word' id='word_1_137' title='bbox 579 2975 792 3076; x_wconf 85' lang='lat' dir='ltr'>proposuit</span> <span class='ocrx_word' id='word_1_138' title='bbox 827 2975 1071 3074; x_wconf 73' lang='lat' dir='ltr'>(Phytology</span> <span class='ocrx_word' id='word_1_139' title='bbox 1103 2976 1156 3073; x_wconf 84' lang='lat' dir='ltr'>hy</span> 
     </span>
     <span class='ocr_line' id='line_1_24' title="bbox 127 3088 1185 3186; baseline 0.008 -24"><span class='ocrx_word' id='word_1_140' title='bbox 127 3088 477 3164; x_wconf 65' lang='lat' dir='ltr'>Erasm.,Dsrwin.</span> <span class='ocrx_word' id='word_1_141' title='bbox 516 3089 809 3186; x_wconf 71' lang='lat' dir='ltr'>tondunt).</span> <span class='ocrx_word' id='word_1_142' title='bbox 858 3090 967 3166; x_wconf 85' lang='lat' dir='ltr'>Inter</span> <span class='ocrx_word' id='word_1_143' title='bbox 991 3095 1185 3170; x_wconf 45' lang='lat' dir='ltr'>German</span> 
     </span>
     <span class='ocr_line' id='line_1_25' title="bbox 127 3201 1156 3304; baseline 0.01 -28"><span class='ocrx_word' id='word_1_144' title='bbox 127 3225 204 3277; x_wconf 92' lang='lat' dir='ltr'>nos</span> <span class='ocrx_word' id='word_1_145' title='bbox 228 3207 363 3298; x_wconf 86' lang='lat' dir='ltr'>Meyer</span> <span class='ocrx_word' id='word_1_146' title='bbox 376 3201 708 3302; x_wconf 58' lang='lat' dir='ltr'>(Naturgemdlse</span> <span class='ocrx_word' id='word_1_147' title='bbox 732 3205 990 3304; x_wconf 85' lang='lat' dir='ltr'>Darstellung·</span> <span class='ocrx_word' id='word_1_148' title='bbox 1008 3205 1043 3282; x_wconf 85' lang='lat' dir='ltr'>d</span> <span class='ocrx_word' id='word_1_149' title='bbox 1060 3209 1156 3286; x_wconf 59' lang='lat' dir='ltr'>Ente</span> 
     </span>
     <span class='ocr_line' id='line_1_26' title="bbox 127 3315 1155 3420; baseline 0.002 -28"><span class='ocrx_word' id='word_1_150' title='bbox 127 3315 363 3414; x_wconf 74' lang='lat' dir='ltr'>wickelung,</span> <span class='ocrx_word' id='word_1_151' title='bbox 404 3317 657 3420; x_wconf 73' lang='lat' dir='ltr'>Ausbildung</span> <span class='ocrx_word' id='word_1_152' title='bbox 689 3344 730 3395; x_wconf 87' lang='lat' dir='ltr'>u.</span> <span class='ocrx_word' id='word_1_153' title='bbox 765 3317 834 3396; x_wconf 85' lang='lat' dir='ltr'>des</span> <span class='ocrx_word' id='word_1_154' title='bbox 864 3319 1155 3396; x_wconf 86' lang='lat' dir='ltr'>Wachsthums</span> 
     </span>
     <span class='ocr_line' id='line_1_27' title="bbox 129 3427 1156 3534; baseline 0.003 -30"><span class='ocrx_word' id='word_1_155' title='bbox 129 3429 165 3504; x_wconf 90' lang='lat' dir='ltr'>d.</span> <span class='ocrx_word' id='word_1_156' title='bbox 182 3427 379 3508; x_wconf 85' lang='lat' dir='ltr'>Pflauzen.</span> <span class='ocrx_word' id='word_1_157' title='bbox 392 3433 532 3534; x_wconf 73' lang='lat' dir='ltr'>‘Leipc</span> <span class='ocrx_word' id='word_1_158' title='bbox 550 3434 692 3532; x_wconf 81' lang='grc'><strong>1808.).’·</strong></span> <span class='ocrx_word' id='word_1_159' title='bbox 714 3435 850 3510; x_wconf 83' lang='lat' dir='ltr'>Fih&#39;ras</span> <span class='ocrx_word' id='word_1_160' title='bbox 868 3461 888 3510; x_wconf 89' lang='lat' dir='ltr'>a</span> <span class='ocrx_word' id='word_1_161' title='bbox 906 3434 1156 3534; x_wconf 55' lang='lat' dir='ltr'>gemmis-uss</span> 
     </span>
     <span class='ocr_line' id='line_1_28' title="bbox 127 3543 1155 3650; baseline 0.003 -31"><span class='ocrx_word' id='word_1_162' title='bbox 127 3567 209 3644; x_wconf 90' lang='lat' dir='ltr'>que</span> <span class='ocrx_word' id='word_1_163' title='bbox 233 3543 475 3624; x_wconf 79' lang='lat' dir='ltr'>ad&#39;radicem</span> <span class='ocrx_word' id='word_1_164' title='bbox 492 3549 701 3625; x_wconf 88' lang='lat' dir='ltr'>continuas</span> <span class='ocrx_word' id='word_1_165' title='bbox 716 3548 952 3650; x_wconf 79' lang='lat' dir='ltr'>prolongari·</span> <span class='ocrx_word' id='word_1_166' title='bbox 971 3548 1155 3624; x_wconf 85' lang='lat' dir='ltr'>Thouars</span> 
     </span>
     <span class='ocr_line' id='line_1_29' title="bbox 128 3659 1154 3762; baseline 0 -30"><span class='ocrx_word' id='word_1_167' title='bbox 128 3671 240 3758; x_wconf 87' lang='lat' dir='ltr'>putat</span> <span class='ocrx_word' id='word_1_168' title='bbox 270 3659 385 3758; x_wconf 57' lang='lat' dir='ltr'>(Essa</span> <span class='ocrx_word' id='word_1_169' title='bbox 404 3664 537 3762; x_wconf 79' lang='lat' dir='ltr'>Vnt).</span> <span class='ocrx_word' id='word_1_170' title='bbox 592 3666 643 3740; x_wconf 81' lang='lat' dir='ltr'>At</span> <span class='ocrx_word' id='word_1_171' title='bbox 663 3664 833 3740; x_wconf 89' lang='lat' dir='ltr'>minime</span> <span class='ocrx_word' id='word_1_172' title='bbox 857 3662 899 3750; x_wconf 87' lang='lat' dir='ltr'>id</span> <span class='ocrx_word' id='word_1_173' title='bbox 924 3662 1061 3738; x_wconf 89' lang='lat' dir='ltr'>locum</span> <span class='ocrx_word' id='word_1_174' title='bbox 1085 3661 1154 3736; x_wconf 59' lang='lat' dir='ltr'>ha,</span> 
     </span>
     <span class='ocr_line' id='line_1_30' title="bbox 128 3771 1154 3874; baseline 0.003 -28"><span class='ocrx_word' id='word_1_175' title='bbox 128 3771 214 3848; x_wconf 75' lang='lat' dir='ltr'>heti</span> <span class='ocrx_word' id='word_1_176' title='bbox 270 3776 399 3852; x_wconf 69' lang='lat' dir='ltr'>Variis</span> <span class='ocrx_word' id='word_1_177' title='bbox 434 3775 532 3854; x_wconf 90' lang='lat' dir='ltr'>locis</span> <span class='ocrx_word' id='word_1_178' title='bbox 572 3780 837 3854; x_wconf 89' lang='lat' dir='ltr'>terminantur</span> <span class='ocrx_word' id='word_1_179' title='bbox 875 3777 999 3854; x_wconf 90' lang='lat' dir='ltr'>fibrae</span> <span class='ocrx_word' id='word_1_180' title='bbox 1033 3777 1154 3874; x_wconf 75' lang='lat' dir='ltr'>(vasa</span> 
     </span>
     <span class='ocr_line' id='line_1_31' title="bbox 126 3882 1180 3995; baseline 0.004 -33"><span class='ocrx_word' id='word_1_181' title='bbox 126 3882 277 3964; x_wconf 84' lang='lat' dir='ltr'>librosa</span> <span class='ocrx_word' id='word_1_182' title='bbox 294 3903 346 3968; x_wconf 84' lang='lat' dir='ltr'>et</span> <span class='ocrx_word' id='word_1_183' title='bbox 365 3890 536 3992; x_wconf 84' lang='lat' dir='ltr'>spiralia)</span> <span class='ocrx_word' id='word_1_184' title='bbox 563 3891 749 3993; x_wconf 84' lang='lat' dir='ltr'>aliaeque.</span> <span class='ocrx_word' id='word_1_185' title='bbox 765 3893 971 3995; x_wconf 81' lang='lat' dir='ltr'>appositae</span> <span class='ocrx_word' id='word_1_186' title='bbox 991 3889 1154 3966; x_wconf 76' lang='lat' dir='ltr'>fascicu-</span> <span class='ocrx_word' id='word_1_187' title='bbox 1178 3967 1180 3974; x_wconf 81' lang='grc'><strong>,</strong></span> 
     </span>
     <span class='ocr_line' id='line_1_32' title="bbox 126 4000 1250 4102; baseline 0.002 -25"><span class='ocrx_word' id='word_1_188' title='bbox 126 4000 215 4078; x_wconf 91' lang='lat' dir='ltr'>lum</span> <span class='ocrx_word' id='word_1_189' title='bbox 248 4003 490 4082; x_wconf 82' lang='lat' dir='ltr'>continuant</span> <span class='ocrx_word' id='word_1_190' title='bbox 546 4007 726 4082; x_wconf 80' lang='lat' dir='ltr'>Accretio</span> <span class='ocrx_word' id='word_1_191' title='bbox 759 4005 953 4083; x_wconf 79' lang='lat' dir='ltr'>fibrarum</span> <span class='ocrx_word' id='word_1_192' title='bbox 976 4004 1056 4082; x_wconf 81' lang='lat' dir='ltr'>alio</span> <span class='ocrx_word' id='word_1_193' title='bbox 1082 4004 1153 4102; x_wconf 78' lang='lat' dir='ltr'>igi-</span> <span class='ocrx_word' id='word_1_194' title='bbox 1248 4003 1250 4008; x_wconf 78' lang='grc'><strong>’</strong></span> 
     </span>
     <span class='ocr_line' id='line_1_33' title="bbox 125 4109 1153 4223; baseline 0 -29"><span class='ocrx_word' id='word_1_195' title='bbox 125 4129 194 4194; x_wconf 88' lang='lat' dir='ltr'>tur</span> <span class='ocrx_word' id='word_1_196' title='bbox 217 4109 344 4197; x_wconf 85' lang='lat' dir='ltr'>modo</span> <span class='ocrx_word' id='word_1_197' title='bbox 364 4111 637 4223; x_wconf 57' lang='lat' dir='ltr'>:finianequit</span> <span class='ocrx_word' id='word_1_198' title='bbox 670 4120 746 4198; x_wconf 89' lang='lat' dir='ltr'>nisi</span> <span class='ocrx_word' id='word_1_199' title='bbox 777 4145 974 4199; x_wconf 86' lang='lat' dir='ltr'>novarum</span> <span class='ocrx_word' id='word_1_200' title='bbox 999 4117 1153 4223; x_wconf 89' lang='lat' dir='ltr'>apposi-</span> 
     </span>
    </p>
   </div>
   <div class='ocr_carea' id='block_1_3' title="bbox 0 0 1424 4878">
    <p class='ocr_par' dir='ltr' id='par_1_5' title="bbox 0 0 1424 4878">
     <span class='ocr_line' id='line_1_34' title="bbox 0 0 1424 4878; baseline 0 1"><span class='ocrx_word' id='word_1_201' title='bbox 0 0 1424 4878; x_wconf 95' lang='lat' dir='ltr'> </span> 
     </span>
    </p>
   </div>
  </div>
 </body>
</html>
