2852 4872
588 379 752 458 unos.
953 363 957 370 ’
1064 383 1173 476 ¹aot

154 577 278 662 clenti.
326 575 580 680 Responden,
605 580 696 679 quia
715 579 855 656 extima
870 576 1008 675 vagina
1024 601 1096 654 seu
1112 603 1172 656 ex·

150 693 295 768 timum
335 705 581 790 tegmentum
618 693 745 794 periit.
811 689 890 768 sed
931 713 1015 766 non
1055 691 1172 792 plane

149 807 284 905 periit‚·
306 805 500 882 habemus
526 805 632 880 enim
657 806 780 907 ipsius
804 803 1030 884 rudimenta
1060 803 1171 878 lucu·
1249 819 1251 824 ·

148 919 253 994 lenta
290 919 331 994 in
364 917 514 1024 ligula„
535 915 646 1016 cujus
677 921 908 995 membrana
926 916 1104 992 ¹interior
1127 877 1204 992 in&

148 1034 423 1110 membranam
459 1031 690 1114 interiorem
726 1033 904 1132 vaginae:
924 1029 1010 1108 solii
1044 1031 1169 1106 conti-

149 1162 305 1224 nuatur.
356 1167 357 1170 ’
602 1230 604 1234 ,
696 1159 698 1168 ’
1164 1207 1169 1222 ,

229 1262 344 1336 -Hinc
373 1257 525 1336 valvula
556 1256 725 1336 interior
755 1273 812 1336 est
843 1283 932 1361 pars
964 1282 1057 1334 cum
1081 1283 1166 1359 spa·

145 1373 224 1450 this
254 1373 481 1449 Palmarum
506 1372 645 1472 utique
671 1369 952 1473 comparanda,
985 1369 1176 1460 sednon

145 1500 203 1562 cst
221 1501 316 1577 ‘cur‘
332 1483 427 1562 velis
459 1511 480 1563 a
512 1485 678 1562 bracteis
711 1479 951 1582 distinguam
973 1497 1054 1560 tam
1079 1507 1168 1584 spa-

142 1597 274 1686 tham,
300 1623 421 1701 quam
445 1596 639 1674 valvulam
665 1598 905 1675 interiorem.

197 1751 199 1754 ·
238 1717 332 1788 Non
362 1712 512 1788 mirum
543 1724 604 1786 tot
634 1710 807 1791 bracteas
836 1732 978 1785 vacuas
999 1707 1041 1783 in
1068 1711 1164 1790 Gra-¹

142 1826 321 1900 minibus
345 1825 419 1899 sibi
446 1847 527 1900 esse
551 1823 764 1922 impositas.
812 1823 1020 1899 Habemusw
1036 1841 1162 1894 exem-

7 2037 8 2042 *
142 1938 256 2039 plum
265 1951 269 1992 2
280 1937 323 2014 in
347 1935 524 2012 Armenia
549 1935 717 2034 vulga1i‚'
745 1936 823 2016 ubir
841 1935 973 2036 plures
999 1955 1163 2033 quoque

141 2051 319 2128 bracteae
343 2073 486 2127 vacuae
511 2049 586 2124 sibi
609 2049 817 2150 impositae
843 2059 951 2123 sunt..

218 2169 222 2226 s
240 2153 401 2264 Optime
458 2160 552 2237 dixit
604 2162 800 2238 Linnaeus
861 2158 1165 2259 (Fundamenta

141 2278 364 2375 Agrostogr.
396 2278 482 2352 Am.
516 2299 568 2352 ac.
601 2279 648 2352 V.
678 2280 715 2352 7ἦ
740 2303 777 2376 p.
811 2271 938 2368 luta:
983 2271 1100 2367 Calyx
1124 2282 1162 2346 ct

142 2391 291 2467 corolla
323 2388 576 2477 Graminum,
615 2402 663 2466 ut
691 2389 745 2464 ab·
771 2387 855 2464 aliis
884 2383 1059 2462 multum
1085 2379 1160 2458 dil-

141 2503 289 2590 ferunt,
315 2528 336 2577 a
360 2502 556 2581 Botanicis
590 2502 708 2578 etiam
741 2499 940 2578 divorsum
978 2496 1163 2581 obtinue,
1297 2495 1299 2502 “

141 2629 244 2692 runt‘
260 2609 410 2690 nomen
438 2629 476 2690 et
499 2630 691 2692 vocantur
714 2615 880 2712 glumae,
907 2633 1007 2713 quae
1029 2608 1160 2696 valvu-

140 2729 189 2806 lis
215 2740 393 2804 constant
417 2729 595 2805 concavis
621 2743 688 2805 aut
713 2727 889 2804 carinatis
915 2717 1063 2824 absque
1094 2745 1160 2802 co·

141 2841 240 2918 rolla
276 2839 507 2942 petaloidea.
570 2841 792 2920 Servandus
830 2853 887 2915 est
921 2837 1032 2914 hicce
1063 2857 1161 2912 usus

140 2953 334 3056 loquendi
366 2953 572 3030 commodi
605 2979 719 3032 causa
751 2967 789 3030 et
813 2949 979 3027 dicenda
1016 2947 1160 3026 Gluma

141 3068 311 3166 calycina
345 3079 384 3144 et
407 3066 597 3144 corollina
623 3093 645 3144 e
670 3067 788 3143 valvis
813 3064 1021 3140 valvulisve
1052 3085 1160 3139 com·

139 3182 282 3284 posita,
327 3193 395 3256 aut
429 3180 504 3274 ubi
543 3180 739 3258 distinctio
782 3178 971 3264 difficilis,
1010 3175 1161 3254 dicatur

141 3294 286 3374 Gluma
312 3293 495 3380 exterior,
519 3293 769 3382 intermedia,
794 3291 968 3368 interior.
1112 3367 1115 3373 ,

201 3434 204 3442 ’
235 3407 381 3484 Palisot
405 3405 455 3483 de
478 3407 671 3485 Beauvois
696 3407 820 3504 (Essai
838 3402 956 3480 d’une
971 3402 1154 3480 nouvelle
1274 3451 1280 3460 -

139 3520 479 3621 Agrostographie.
495 3570 497 3576 ·
511 3525 595 3598 Par.
630 3520 758 3617 1812)
796 3533 937 3598 acutus
969 3519 1060 3594 alias
1091 3516 1158 3624 vir,

140 3634 334 3736 pessimas
375 3633 597 3710 introduxit·
645 3633 894 3710 mutationes.
947 3629 1159 3732 -Spiculam

7 3843 9 3852 y
58 3815 60 3818 .
138 3748 334 3826 locustam
358 3748 523 3824 nomine
548 3747 725 3823 animalis
749 3745 921 3833 vocavit,
942 3745 995 3820 ob
1021 3740 1179 3843 consu-,¹

141 3861 312 3949 sionem3
348 3876 395 3936 ut
430 3861 500 3950 ait,
536 3859 757 3938 vitandam„
803 3863 853 3938 Αι
876 3858 980 3960 spica
1004 3859 1159 3966 ramosa

142 3975 269 4051 rarior
293 3987 351 4050 est
375 3987 413 4052 et
435 3989 532 4052 tunc
554 3974 599 4051 in
622 3973 940 4064 universalemet
956 3969 1160 4076 partialem

142 4085 255 4167 facile
273 4086 538 4190 distinguitur.
571 4087 759 4176 Glumam
776 4085 988 4185 calycinam·
1004 4079 1161 4183 tegmen
