2836 4878
250 361 327 440 334
619 357 907 439 FRUCTUS.

252 557 517 664 pericarpium
543 571 724 662 apertum
748 558 792 634 in
814 557 969 638 Reseda
986 561 1115 660 (Linn.
1133 563 1280 639 Trans·

253 681 397 755 acts'l’⁴
420 677 476 752 12
500 702 539 777 p.
564 677 645 751 143.
654 675 681 772 ).

348 790 485 868 Plures
527 804 620 866 sunt
663 789 974 891 anamorph'oses
1018 805 1278 870 monstrosae.
1399 831 1400 838 κ

250 911 418 985 Fructus
450 902 591 980 molles
626 901 830 979 interdum
861 901 1155 1006 producuntur,
1192 931 1278 1005 gra-
1399 941 1400 944 ¹

252 1022 406 1100 ciliores
442 1018 561 1104 fiunt,
598 1018 898 1120 intorquentur,
934 1018 1137 1096 interdum
1176 1048 1279 1124 qno·
1399 1107 1400 1110 Ἴ

252 1162 332 1240 que
368 1133 488 1211 simul
524 1134 749 1236 partiuntur
785 1132 948 1232 singulis
990 1148 1058 1212 aut
1094 1134 1278 1238 pluribus

250 1247 525 1330 loculamentis
556 1247 676 1324 simul
714 1248 1045 1337 excrescentibus,
1083 1250 1197 1350 quod
1232 1252 1277 1327 in

251 1367 368 1446 Citris
399 1387 483 1440 non
515 1387 606 1440 raro
636 1363 777 1440 accidit
807 1365 944 1462 (Jdger
966 1364 1064 1440 Ueb.
1089 1362 1276 1442 Missbild.

249 1479 625 1672 P·1{⁶(·J)c·ulamema
658 1592 784 1667 rarius
817 1603 946 1678 aucta,
979 1591 1134 1693 saepius
1160 1592 1282 1676 oblita

249 1723 368 1790 terata
399 1707 653 1808 reperiuntur
687 1707 826 1804 (diger
856 1731 893 1806 p.
926 1709 1006 1780 199.
1015 1706 1041 1803 ).
1102 1711 1149 1782 In
1181 1707 1277 1809 ipsis
1400 1783 1401 1791 χ

249 1825 398 1902 semina
424 1820 552 1899 modo
571 1821 790 1897 oblitterata
807 1818 989 1896 videmus
1007 1821 1075 1918 (ib.
1091 1847 1128 1922 p.
1141 1821 1250 1919 201.)

343 1945 538 2016 Putamen
579 1935 622 2011 in
661 1934 798 2037 drupis
831 1957 915 2010 non
947 1933 1179 2013 induratum
1214 1961 1277 2012 re-

248 2056 417 2160 peritur,
449 2049 562 2154 quod
590 2049 636 2124 in
668 2048 812 2126 Prunis
837 2072 920 2124 non
945 2049 999 2126 ita
1022 2075 1114 2126 raro
1141 2051 1279 2127 obser-

248 2183 372 2246 vatur.

344 2285 405 2358 De
440 2276 607 2376 hybrida
643 2275 782 2352 indole
817 2274 1040 2366 fructuum,
1077 2304 1109 2355 e.
1146 2303 1180 2378 g.
1223 2278 1275 2356 de

247 2396 381 2472 fructu
417 2393 560 2496 partim
588 2391 796 2477 aurantio,
839 2392 985 2492 partim
1023 2394 1121 2469 citro
1154 2393 1274 2469 simili

247 2510 427 2611 loquitur
455 2511 572 2604 Jiiger
603 2506 665 2607 (p.
696 2504 804 2600 207.)
838 2519 877 2580 et
900 2505 1026 2594 addit,
1051 2531 1137 2583 non
1162 2521 1274 2585 ortos

247 2647 331 2702 esse
354 2619 634 2698 secundatione
659 2619 835 2716 hybrida.

345 2734 514 2814 Connati
546 2757 630 2810 non
663 2759 753 2810 raro
786 2747 974 2837 apparent
1004 2733 1166 2813 fructus.
1223 2737 1274 2814 At

245 2852 483 2955 pierumque
508 2862 566 2924 est
588 2861 814 2924 monstrosa
838 2849 1006 2949 partitio,
1030 2871 1135 2951 quae
1159 2875 1181 2926 a
1205 2875 1275 2952 pe-

247 2964 425 3042 dunculo
463 2963 725 3065 subbipartito
765 2963 913 3065 incipit
977 2967 1072 3040 Non
1109 2988 1273 3063 negave-

232 3079 323 3154 rim
356 3078 532 3156 fructum
565 3077 672 3154 alteri
706 3101 936 3178 appressum
962 3101 1054 3153 cum
1081 3103 1130 3154 eo
1155 3103 1272 3180 posse

246 3192 446 3280 connasci,
471 3205 509 3268 at
532 3191 730 3268 rarissime
754 3191 798 3266 id
822 3205 925 3268 certe
951 3192 1100 3268 accidit

268 3376 269 3384 a
342 3309 510 3410 Fructus
528 3329 573 3382 ex
587 3305 694 3406 apice
713 3304 811 3382 alius
828 3304 905 3382 exit
921 3306 1060 3404 (tager
1074 3335 1112 3408 p.
1128 3310 1210 3384 218.
1219 3307 1245 3405 ).

271 3475 274 3486 ι
341 3423 509 3496 Fructus
533 3433 790 3520 praegnantes
816 3433 1020 3509 vocantur,
1042 3423 1122 3523 'qni
1149 3421 1271 3498 alium

246 3533 459 3612 continent
525 3533 722 3610 Oriuntur
759 3558 916 3635 semper
946 3534 989 3610 in
1014 3547 1088 3614 'are
1120 3536 1271 3614 fructus

244 3647 369 3747 magis
409 3646 591 3724 minusve
627 3645 788 3748 perfecti
830 3661 869 3724 et
909 3651 1077 3726 exterior
1101 3649 1271 3726 'fructus

246 3762 402 3838 clausus
426 3775 494 3837 aut
525 3785 696 3863 snpeme
728 3777 884 3863 apertus
924 3779 990 3870 est
1038 3763 1100 3842 Ad
1125 3765 1272 3868 imper-

244 3877 363 3954 fectas
393 3875 562 3978 pertinet
585 3875 903 3977 proliferationes
928 3881 1058 3978 (sager
1081 3908 1117 3983 p.
1142 3878 1252 3974 uls).

340 3997 508 4068 Fructus
531 3988 737 4067 interdum
759 4017 918 4071 ramum
944 3994 1156 4072 florentem
1186 4017 1271 4069 ma·

244 4106 302 4203 gis
338 4105 521 4184 minusve
553 4103 772 4207 perfectum
811 4107 949 4186 exserit
981 4124 1020 4186 et
1050 4107 1215 4212 quidem
1248 4130 1270 4183 e
