2858 4886
267 361 339 439 us
663 355 891 436 GAULIS.¹

267 562 445 648 molum
475 553 812 656 agnouimus
842 553 1051 640 tonicam
1077 550 1299 706 Thamnus.

267 677 599 775 Polygonum..
942 706 945 714 ·
1202 708 1205 717 ·
1287 699 1293 707 ·

364 792 519 868 Omnes
542 783 618 866 hae
643 777 882 862 directiones
902 723 1095 860 definitae
1116 778 1299 858 conside·

267 903 344 982 rari
374 915 559 1005 possunt,
589 899 649 978 uti
673 899 856 988 fonmae,
880 899 1027 1000 quibus
1050 895 1171 974 latera
1194 896 1300 973 noeli

267 1043 353 1096 non
381 1015 686 1095 indeterminata
717 1028 787 1092 aut
808 1011 1077 1138 indifferentia
1102 1025 1219 1100 sunt,
1236 1010 1299 1091 uti

264 1132 401 1212 dicere
425 1143 596 1210 amant
662 1158 666 1166 ·

268 1333 342 1428 94.
380 1271 668 1452 Magmmdo
696 1277 890 1424 saulis
914 1245 1054 1418 notia
1101 1341 1196 1430 est.
1241 1326 1302 1416 in

267 1473 528 1593 plantis
542 1469 892 1589 ‘simplicioris
889 1475 1177 1558 structurae
1206 1468 1301 1557 mi-

286 1641 426 1704 nus
460 1610 796 1727 determinata
827 1632 887 1698 ac
907 1607 962 1696 in
982 1607 1166 1728 plantis
1183 1631 1302 1728 per·-

287 1751 555 1846 fectionis
586 1761 882 1882 structurae
1046 1813 1051 1824 -

263 1929 287 1996 „5
365 1924 429 2002 Ad
463 1885 653 2022 magnam
678 1921 979 2021 longitudinem
1009 1945 1096 1998 non
1119 1947 1210 2000 raro
1236 1947 1302 1998 ex-

265 2039 450 2118 c'rescunt
478 2039 594 2126 Fuci,
625 2059 804 2139 quntum
833 2055 960 2112 unam
989 2036 1167 2138 plantam
1195 2043 1303 2114 Mar·

267 2153 398 2232 chand
429 2150 698 2251 longimdine:
711 2153 786 2227 370
815 2149 906 2250 ped
933 2151 1094 2228 invenit
1149 2155 1208 2229 Ex
1232 2177 1303 2230 eo-

268 2267 365 2349 dem
390 2266 534 2346 ordine
555 2265 781 2342 Baeillariae'
798 2264 996 2366 quaedam
1011 2267 1303 2344 minutaesunt

295 2383 434 2460 lautae.

268 2411 296 2529 'p
365 2492 694 2594 Rhizomorphae
716 2507 755 2592 qt
776 2493 923 2572 thallus
945 2495 1104 2573 Meridii
1120 2499 1301 2574 Vastato-

269 2613 325 2689 ris
354 2608 506 2708 longe
524 2607 684 2710 lateque
724 2605 1026 2699 diffinduntur,
1075 2611 1301 2688 Caeomatis

266 2739 311 2805 et
337 2723 578 2804 Melanconii
598 2721 762 2876 speeies
788 2723 987 2826 quaedam
1010 2725 1301 2802 minutissimae

267 2853 383 2920 sunt.
647 2887 650 2895 ·

308 2957 473 3033 Inter
503 2951 658 3031 Palmae
688 2925 897 3031 altitudine
926 2953 1104 3030 eminent
1129 2955 1300 3052 Ceroxy

269 3015 359 3146 luen
379 3067 603 3155 ,Andioola
640 3091 715 3144 see.
752 3068 1065 3145 llnmboldtium
1101 3071 1177 3146 180
1207 3067 1297 3170 ped.

272 3183 414 3271 altum,
445 3196 486 3258 et
514 3185 639 3259 areca
669 3182 861 3271 oleraceo,
890 3187 1023 3282 Boryo
1047 3197 1146 3259 teste
1170 3185 1300 3258 lid-⁶-

272 3300 344 3373 170
375 3295 463 3397 ped.
495 3295 580 3372 alta.
632 3298 756 3374 Parva
785 3297 921 3375 Palma
947 3312 1005 3376 est
1029 3298 1299 3398 Chamaerops

267 3409 434 3486 humilis
479 3423 519 3486 et
559 3411 671 3501 aliae,
713 3437 745 3490 e.
782 3435 817 3512 g.
853 3413 1042 3501 Kunthia‚
1084 3411 1298 3490 Oreodoxa

265 3521 583 3602 damtdinaceum
606 3527 789 3607 habitum
814 3551 908 3628 prae
932 3552 975 3604 se
998 3526 1142 3604 serum.

279 3661 285 3672 ’
368 3638 557 3718 Gramina
575 3661 579 3668 ·
594 3657 635 3720 et
663 3643 918 3743 Cyperaceae,
938 3655 977 3720 et
1006 3649 1174 3744 magnae
1204 3653 1299 3718 sunt

266 3753 439 3858 plantae,
481 3779 512 3832 ea
551 3779 587 3856 g.
617 3756 832 3845 Bamhusa,
872 3758 1051 3861 sapui,-
1074 3773 1115 3836 et
1154 3779 1298 3859 parvae

270 3867 489 3949 Schmidtia
513 3869 684 3960 subtilis,
711 3872 838 3976 Scirpi
862 3873 1060 3975 permulti.
1167 3901 1181 3913 ·=
1223 3935 1226 3942 .

320 4029 322 4036 ·
362 3983 579 4064 coniferae·
599 4007 742 4065 omnes
764 3985 855 4068 fene
873 4011 1041 4088 magnae
1065 3999 1174 4075 sunt,
1200 3985 1296 4064 emi-

267 4112 365 4177 nent
392 4100 515 4178 inter·
537 4102 612 4179 has
644 4104 770 4182 nium
804 4102 924 4182 rubra
950 4103 1065 4180 ‘laos
1077 4099 1169 4203 ped
1219 4101 1296 4178 Co·
