2848 4888
255 351 305 432 tt
640 351 882 428 nutura.

351 555 509 657 Species
534 553 708 632 diversae
727 551 776 629 'in
800 551 943 655 plantis
969 565 1008 628 et
1034 552 1077 628 in
1103 552 1282 630 animali-

253 671 347 760 bus,
381 667 567 768 conjugio
599 666 920 770 praetentaturali
952 667 1109 770 prolem
1147 668 1281 766 hybri-

254 773 348 860 dam
379 781 619 888 producunt.
675 785 782 858 Haec
812 777 946 883 proles
976 782 1018 855 in
1045 781 1281 858 animalibus

252 919 409 1000 semper
445 892 584 972 sterilis
622 890 695 983 es't,
737 895 778 976 si,
795 897 1046 972 connubium
1076 895 1154 972 snit
1186 921 1279 972 cum

252 1013 328 1088 alio
348 1008 533 1109 ¹ejusdem
550 1009 673 1110 prolis
685 1007 911 1085 individuo.
960 1009 1168 1086 Interdum
1183 1033 1278 1088 vero

251 1126 388 1212 fertilis
413 1125 656 1213 observatur
673 1125 711 1203 ,si
737 1121 1092 1202 connubiumsuit
1108 1150 1202 1202 cum
1217 1126 1278 1200 in-

253 1240 418 1318 dividuo
445 1241 588 1342 speciei
611 1253 796 1341 paternae
822 1251 890 1313 aut
905 1252 1115 1316 maternae.
1154 1239 1278 1335 Quod

249 1356 294 1432 in
328 1354 471 1458 plantis
504 1375 591 1430 non
612 1354 749 1429 minus
773 1352 993 1428 observavit
1015 1353 1279 1442 Kelreut'erus,

120 1497 123 1512 ·
250 1469 529 1573 experimentis
551 1469 685 1547 denuo
712 1465 1047 1544 confirmandum.

344 1587 417 1661 Est
439 1582 619 1684 duplex
608 1607 652 1658 m
677 1581 913 1684 corporibus
939 1581 1132 1680 organicis
1155 1581 1276 1658 varia*

249 1698 323 1788 tio,
349 1697 464 1775 altera
490 1698 593 1772 inter
616 1709 797 1799 parentes
822 1709 861 1770 et
883 1694 1047 1785 liberos,
1073 1697 1189 1773 altera
1214 1696 1275 1772 in·
1331 1761 1338 1778 ,

249 1827 310 1888 ter
330 1826 458 1913 partes
484 1808 663 1908 ejusdem
678 1809 857 1910 corporis
883 1811 933 1908 (v.
949 1837 987 1913 p.
1004 1811 1073 1908 4.);
1097 1810 1163 1887 illa
1188 1835 1275 1912 spe·

248 1925 364 2000 cialis·
389 1924 466 2001 dici
497 1939 642 2026 potest,
673 1925 771 2001 haec
801 1923 1066 2000 individualis.
1115 1929 1192 2002 Per
1215 1949 1274 2003 se·

234 2039 356 2116 -ntina
381 2039 528 2142 species
552 2053 810 2140 propagatur,
834 2065 907 2141 per
931 2061 1108 2137 gemmas
1131 2038 1274 2116 indivi-

249 2151 387 2229 duum.
456 2156 545 2228 Hoc
585 2151 752 2254 quidem
781 2153 825 2228 in
856 2151 999 2253 plantis
1023 2167 1164 2254 utpote
1187 2179 1274 2232 cor.

246 2268 413 2370 peribus
430 2267 660 2368 compositis
676 2267 814 2343 locum
829 2263 1113 2343 tantummodo
1129 2267 1256 2346 habet.

252 2415 283 2424 ¹·
345 2380 502 2481 Species
539 2381 588 2456 ab
625 2379 797 2480 antiquis
834 2381 1001 2457 nomine
1036 2383 1200 2484 proprio
1233 2397 1274 2462 et

248 2495 413 2598 quidem
438 2493 680 2570 substantivo
705 2493 888 2592 insignita
914 2509 988 2583 est,
1012 2496 1173 2575 variatio
1198 2521 1273 2576 no.

247 2610 356 2685 mine
390 2605 591 2705 adjectivo.
642 2610 752 2685 Cum
784 2610 1024 2712 posteriores
1049 2635 1143 2688 vere
1168 2611 1272 2690 inter

246 2720 478 2798 variationes
512 2735 733 2799 constantes
771 2738 810 2800 et
843 2725 1109 2802 inconstantes
1142 2725 1271 2826 majus

245 2835 418 2914 facerent
449 2835 678 2924 discrimen,
717 2859 867 2916 nomen
897 2839 1186 2918 substantivum
1220 2841 1270 2920 ad

245 2969 369 3050 genus
393 2949 684 3026 transtulerunt.

246 3153 316 3244 27.
376 3149 688 3244 Formarum.
701 3164 754 3242 et
772 3151 925 3244 totius
945 3151 1130 3246 indolis
1152 3183 1269 3248 con.

259 3291 486 3380 stantia
515 3289 571 3380 in
597 3290 984 3406 generationum
1003 3294 1270 3422 complexu

304 3461 441 3560 genus
468 3429 735 3546 constituit.
787 3415 1095 3548 Vegetabilia
1113 3463 1269 3588 genus

253 3598 452 3694 suurn
459 3579 681 3660 'mutare
713 3570 954 3668 nituntur.

298 3737 515 3828 Plantae
549 3763 651 3841 qnae
682 3739 788 3818 notis
816 3740 1129 3822 inconstantibus
1154 3741 1269 3822 diffe.

242 3799 356 3942 runt.
369 3895 374 3921 ,-
390 3853 651 3943 inconstantia
683 3854 728 3932 in
744 3854 852 3958 ipsis
882 3857 1064 3960 probata.
1101 3857 1152 3936 ad
1178 3883 1268 3936 ean-a

244 3965 338 4058 (lem
362 3967 535 4071 speeiem
551 3965 789 4048 referendae
806 3985 928 4050 sunt·
948 3971 1138 4058 Plantae,
1163 3997 1266 4076 quae

244 4081 349 4160 notis
391 4081 704 4166 inconstantibus
745 4083 961 4174 differrmt,
996 4085 1267 4166 inconstantia
