2852 4872
241 345 316 430 296
671 282 854 424 FLOS.

245 543 433 622 exteriore
455 543 659 648 tripartito,
686 547 873 624 interiore
896 542 1262 648 tri-quadripartito,

174 697 175 703 κ
243 657 380 734 infima
401 659 539 736 lacinia
560 665 676 763 'saepe
692 659 842 760 majore
860 675 898 737 et
911 659 1052 736 reflexa
1072 659 1263 734 labellum

244 774 514 862 constituente,
538 801 640 878 quae
663 775 865 852 interdum
881 771 1038 850 lacinias
1055 771 1152 848 duas
1170 772 1263 848 alte

184 965 186 974 ,
242 911 304 964 ros
316 889 518 989 absorpsit.
549 889 959 965 Filomentumtotum
975 886 1057 964 fere
1073 886 1263 962 inanthe-
1295 947 1296 950 ,
1415 941 1416 944 ,

99 1061 105 1078 ,
217 1035 219 1041 ’
242 1003 349 1077 rium
377 1001 645 1102 petaloideum
669 1018 867 1080 mutatum
893 1017 950 1079 est
972 1003 1170 1099 integrum
1183 1015 1263 1076 aut

242 1115 443 1202 tiilobum,
466 1116 669 1192 interdum
693 1133 923 1204 rostratam,
947 1117 1135 1216 utrinque
1151 1114 1263 1192 locu-

84 1195 87 1209 ’
133 1255 137 1263 ·
242 1228 329 1304 lum
355 1229 538 1304 antherae
560 1253 699 1326 gerens
724 1229 867 1330 stylum
892 1228 1110 1317 involvens,
1140 1229 1193 1305 ita
1216 1242 1263 1306 ut

171 1355 175 1364 '
242 1343 376 1448 ipsum
401 1342 598 1441 cingendo
623 1345 744 1422 loculi
769 1345 1025 1448 approximati
1050 1343 1156 1418 fiant

306 1461 385 1533 ·In
427 1459 640 1535 Cannaeeis
682 1461 836 1536 similis·
862 1475 920 1535 est
957 1458 1097 1534 forma.
1161 1457 1263 1533 Fila-

242 1585 424 1646 mentum
460 1573 584 1670 magis
619 1575 801 1650 minusve
833 1574 873 1648 in
908 1572 1132 1649 antherium
1156 1585 1264 1673 peta·

243 1683 424 1760 loideum
463 1700 679 1775 mutatum,
719 1687 922 1764 interdum
966 1687 1171 1789 partitum,
1218 1687 1262 1781 in

172 1834 174 1839 ·
246 1799 366 1878 altero
410 1805 566 1877 tantum
606 1800 725 1878 latere
760 1803 940 1879 loculum
978 1801 1161 1878 antherae
1189 1819 1264 1898 'ge-

113 2015 115 2020 Ι
244 1939 344 1990 rens.
392 1916 563 1992 Interior
588 1917 759 1993 corollae
782 1917 936 1994 limbus
954 1931 1000 1993 ut
1023 1917 1066 1990 in
1091 1916 1263 2017 Alpinia-

245 2030 322 2104 reis
353 2030 476 2106 varias
508 2031 640 2106 induit
666 2030 825 2107 formas.
873 2035 923 2107 Et
947 2028 1067 2128 stylus
1092 2029 1263 2105 corollae

246 2141 510 2232 adnotarem,
534 2144 735 2220 interdum
761 2144 951 2220 dilatatus.

265 2295 278 2328 .·
342 2257 451 2352 Quid
479 2273 660 2358 ‘estrpars
694 2272 858 2334 cornuta
890 2260 932 2332 in
964 2259 1079 2334 ¹variis
1110 2260 1263 2334 Canna·
1334 2359 1336 2362 Ι

245 2394 404 2445 tearum
430 2385 468 2445 et
490 2371 804 2474 Alpiniacearum
830 2372 988 2448 corollis
1014 2375 1190 2467 exsertai,
1224 2431 1226 2436 ,

343 2478 631 2560 Orchidearum
700 2499 934 2561 structuram
965 2509 967 2514 ·
999 2486 1264 2588 exposuerunt

244 2600 290 2674 R.
338 2595 484 2673 Brown
524 2597 802 2697 ·(Prodromus
851 2600 954 2675 Flor.
1001 2606 1047 2676 N.
1088 2597 1261 2676 Holland

245 2733 282 2814 p.
309 2713 690 2808 140.)·³et'ltichard
713 2717 790 2812 (De
813 2714 1022 2792 Orchidei's
1049 2709 1262 2816 europaeis.

245 2831 329 2904 Par.
380 2830 524 2928 1812).
608 2817 815 2928 Perigonii
848 2815 983 2928 superi
1042 2830 1127 2926 tria¹
1154 2842 1264 2906 ‘sunt

246 2943 376 3042 phylla
403 2945 607 3030 exteriora,
646 2942 730 3020 duo
755 2943 959 3029 interiora,
993 2968 1085 3018 cum
1110 2941 1263 3031 labello

247 3056 358 3155 quod
390 3059 550 3134 tertium
581 3057 728 3133 format
755 3054 936 3158 phyllum
967 3057 1080 3132 limbi
1104 3056 1264 3131 interio-
1320 3111 1326 3124 ,

245 3169 316 3256 ris,
362 3167 475 3246 facile
529 3170 872 3270 distinguendum,
930 3171 999 3246 etsi
1054 3165 1263 3247 columnae
1314 3259 1318 3267 ⁵

247 3281 435 3358 adnutum
460 3283 588 3360 suerit
644 3285 842 3362 Columna
867 3287 1018 3359 constat
1043 3307 1063 3358 e
1087 3282 1263 3361 filamen-

246 3395 295 3470 tis
323 3395 450 3471 tribus
482 3393 676 3487 donnatis,
709 3399 821 3474 linea·
849 3420 962 3497 saepe
996 3396 1176 3472 distincte
1207 3399 1264 3472 in-

248 3508 409 3604 dicatis?
449 3507 586 3607 Stylus'
610 3511 724 3586 intus.
750 3505 925 3586 assuevit·
957 3503 1174 3586 'Columna
1205 3511 1265 3584 in-

247 3623 406 3700 terdum
437 3624 521 3703 tela
545 3622 729 3699 collulosa
762 3648 832 3698 seu
851 3613 1174 3699 <modullafarcta
1201 3638 1265 3715 est,

246 3737 450 3814 interdum
473 3752 519 3814 ut
542 3739 583 3812 in
607 3735 838 3840 Epidendro
859 3735 1049 3812 fistulosa.¹
1094 3731 1266 3814 Anthera

247 3849 379 3941 unica,
408 3851 668 3928 rariusduae
692 3845 1265 3954 superne*·eolumnae··inserta

249 3977 361 4066 sunu
388 3968 604 4060 insertione
631 3991 750 4070 saepe
766 3961 1039 4042 'circummisso
1063 3955 1116 4042 ita'
1140 3964 1265 4042 utfa-

159 4143 166 4154 .
250 4081 322 4157 cile
352 4084 520 4183 separari
544 4081 686 4184 'possit
742 4078 900 4183 Triplex
920 4079 1118 4157 ost-situs
1146 4077 1264 4178 hujus
