2852 4872
576 387 766 464 FOLIA.
1095 387 1171 461 205

148 589 208 665 lia.
267 587 345 667 Gir.
378 587 636 665 Drummond
667 587 780 674 Linn.
813 588 1008 664 Transact
1043 590 1089 663 T.
1114 590 1171 664 13.

147 708 187 780 P.
214 709 246 779 1.
271 705 391 806 ρ.24.
417 717 511 777 etv.
537 705 560 777 i.
878 731 882 738 ’

243 818 531 920 Amphigastria
556 816 834 918 Hepaticarum
858 837 941 890 non
966 814 1101 890 minus
1122 814 1173 893 ad

146 933 387 1034 paraphyllia
412 930 616 1008 referenda
642 944 743 1006 sunt
789 1013 792 1018 ,
897 983 900 990 .

147 1133 148 1138 ,
244 1053 373 1123 Frons
397 1046 673 1148 Hepaticarum
693 1042 991 1146 ‘paraphyllium
1009 1041 1173 1130 videtur,

146 1159 261 1261 quod
300 1161 453 1238 caulem
489 1157 664 1261 foliaque
699 1181 772 1233 sua
802 1155 1077 1256 magnitudine¹
1107 1155 1174 1232 ab·

148 1276 303 1376 sorpsit

146 1523 249 1616 124.
334 1517 522 1616 Functio
575 1523 818 1662 foliorum
876 1535 951 1613 est
997 1547 1173 1612 succos

205 1663 444 1757 nutritios
475 1661 824 1784 praeparandi.
910 1764 913 1775 ¹

244 1855 404 1927 Bonnet
427 1850 698 1949 (Recherches
723 1875 792 1925 sur
814 1849 955 1948 l'usage
976 1849 1046 1926 des
1061 1847 1186 1926 seuit-⁴

147 1961 205 2040 les
239 1959 572 2064 Goetting.⁸l754.
603 1965 661 2062 4.)
685 1966 787 2040 hanc
813 1989 895 2041 esse
926 1963 1175 2040 functionem

149 2075 346 2155 foliorum
382 2081 552 2181 probare
593 2079 754 2156 studuit
814 2078 950 2155 Multis
984 2079 1176 2180 probavit,

149 2193 245 2270 folia
276 2195 469 2270 humores
500 2196 722 2280 resorbere;
754 2192 954 2294 superflua
991 2216 1176 2294 evapora-

148 2311 259 2386 tione
314 2308 491 2382 emittere
532 2307 710 2384 Halesius
750 2303 910 2405 jamjam
952 2307 1177 2384 ostenderat

151 2420 372 2520 (Vegetabl.
411 2422 549 2496 Staties
588 2425 681 2522 Exp.
713 2420 901 2518 8-30.),
933 2421 986 2497 ita
1018 2435 1065 2496 ut
1088 2445 1176 2522 per-

151 2538 335 2638 spicuum
361 2549 475 2620 esset,
499 2532 596 2612 solia
622 2535 671 2610 ad
696 2537 959 2612 nutritionem
986 2533 1175 2610 conferre.

153 2651 194 2726 si
219 2648 326 2725 foliis
349 2648 480 2749 planta
505 2650 697 2750 privatur,
722 2663 934 2751 antequam
951 2648 1101 2725 fructus
1117 2647 1177 2747 ju·

152 2777 253 2838 stam
284 2761 414 2862 adepti
446 2762 595 2839 fuerint
624 2763 957 2862 magnitudinem,
994 2763 1036 2838 hi
1072 2762 1176 2838 dela·
1209 2821 1212 2827 s

151 2876 319 2963 buntur,
356 2899 429 2951 nec
456 2875 505 2950 ad
537 2878 803 2953 maturitatem
834 2879 1078 2979 perveniunt.
1127 2880 1178 2952 Et

151 2990 273 3066 flores
304 2989 367 3065 his
400 2989 535 3066 ablatis
565 3015 709 3093 parum
733 2989 1003 3091 perficiuntur.
1051 2991 1178 3068 Arbo-

150 3129 214 3180 res
237 3103 343 3180 foliis
369 3104 528 3179 orbatae
549 3105 684 3180 minus
710 3105 784 3180 alte
811 3119 1044 3182 excrescunt
1095 3106 1178 3204 (Du

150 3219 291 3294 Hamel
315 3217 430 3317 Phys.
456 3216 493 3292 d.
519 3219 619 3294 arbr.
643 3223 684 3294 L.
709 3222 745 3294 2.
770 3220 829 3294 ch.
854 3223 888 3294 2.
916 3234 982 3294 art
1009 3219 1082 3312 12)
1134 3219 1175 3293 Si

150 3329 245 3407 solia
282 3329 432 3430 frigore
462 3346 658 3434 percunt,⁴
685 3358 705 3422 e
736 3335 904 3432 gemmis
937 3357 1039 3408 nova
1072 3331 1177 3408 evol·

149 3460 306 3533 vuntur,
331 3459 377 3521 ut
401 3448 489 3535 sint,
515 3447 661 3548 quihus
685 3449 785 3523 rami
810 3447 1073 3550 perficiantur,
1092 3471 1177 3522 non

151 3559 300 3661 absque
334 3585 436 3636 noxa
469 3562 591 3637 totius
623 3561 762 3663 stirpis.
819 3561 929 3638 Vidit
957 3562 1176 3659 Knightius‚

151 3671 273 3749 frusta
305 3676 460 3750 corticis
492 3701 513 3750 a
539 3671 693 3777 reiiquo
721 3674 866 3751 cortice
891 3690 1064 3776 separata
1089 3675 1176 3750 diu-

151 3787 230 3862 tius
255 3791 401 3888 vigere,
426 3790 459 3866 si
484 3787 630 3865 folium
656 3789 775 3865 simul
800 3790 1019 3890 perstiterit.
1070 3788 1176 3886 (Phi-

151 3897 224 3974 los.
263 3906 458 3978 Transact
492 3907 598 3978 1816.
630 3930 665 4004 p.
698 3903 816 3998 289.).
874 3903 985 3978 Folia
1008 3903 1177 4008 'gemmis

152 4013 337 4092 alimenta
361 4017 550 4117 praebere
574 4013 756 4090 Woliius
779 4014 938 4114 jamjam
964 4029 1102 4092 auctor
1121 4031 1178 4092 est

151 4129 222 4225 (V.
249 4128 286 4205 d.
309 4134 466 4207 Nutzen
491 4128 528 4204 d.
556 4127 696 4206 Theile
720 4131 751 4227 §-
775 4133 858 4207 249.
883 4129 1003 4226 256.).
