2836 4878
274 377 359 455 aso·
606 362 969 447 vnnnranro.

278 563 493 648 renudatve
558 571 693 648 Motus
721 564 855 667 itaque
877 581 1000 656 ,verus
1028 557 1302 643 circulatoaius

278 705 363 762 non
387 694 454 760 etl·

374 799 462 874 Huc
491 791 621 872 refero
657 805 792 870 motus
815 790 858 866 in
883 789 1056 890 granulis
1087 785 1301 870 Conserva-

230 943 232 950 ’
278 935 370 990 rum
400 909 595 986 variarum
628 932 648 982 a
682 906 749 984 cel.
783 906 1005 984 'I'revirano'
1022 904 1127 983 visos
1152 904 1301 1002 (Beytr.

280 1050 311 1102 z.
347 1019 699 1121 Pilanaenplrysiol.
736 1046 773 1120 p.
806 1020 905 1117 ta),
948 1017 1106 1119 qualem
1139 1031 1178 1095 et
1213 1039 1300 1114 ego.

278 1147 523 1215 monstrante
555 1132 622 1210 cel.
652 1133 883 1226 Ehrenberss
917 1131 961 1208 in
996 1129 1140 1230 fingo,
1177 1153 1301 1232 quem

257 1249 373 1329 -hine
411 1244 692 1349 Sporodiniam
733 1245 829 1334 dixi,
871 1245 1084 1327 observavi.
1149 1245 1301 1324 Omnes

280 1361 405 1449 sueti,
444 1358 543 1437 dum
574 1359 704 1460 planta
734 1361 838 1459 viget
862 1382 945 1438 non
973 1359 1194 1460 quiescunt,
1231 1354 1302 1437 sed

279 1491 415 1553 motus
456 1474 697 1550 necessarius
736 1473 893 1550 videtur
927 1487 974 1550 ut
1004 1474 1128 1571 vigeat
1158 1471 1300 1576 planta.

279 1588 473 1670 Videmus
504 1610 668 1689 quoque
700 1611 862 1664 succum
894 1588 937 1665 in
960 1612 1053 1664 vaso
1072 1582 1299 1685 sanguisero
1398 1575 1399 1614 ¹

280 1704 335 1781 sic
369 1700 476 1781 dieto
501 1701 744 1782 insectorum
768 1715 941 1788 motum,
967 1701 1147 1802 quamvis
1180 1698 1302 1774 exitus

280 1839 365 1893 non
389 1815 539 1890 habeat
586 1817 657 1890 Est
681 1829 816 1890 motus
840 1813 1062 1891 fluidorum
1095 1837 1302 1894 summum

282 1944 321 2015 at
351 1927 540 2009 ultimum
569 1927 875 2016 irritamentum,
906 1921 988 2029 qno
1021 1940 1194 2006 cessante
1227 1927 1302 2001 vita

283 2053 422 2128 cessat,
449 2041 538 2119 licet
560 2041 710 2118 restitui
735 2041 868 2142 possit

378 2154 634 2256 Disputaturu
659 2168 718 2233 est
745 2154 849 2232 inter
881 2155 985 2232 viros
1019 2153 1176 2241 doctos,
1202 2177 1303 2255 quo·

280 2293 376 2352 nom
398 2346 402 2354 ,
424 2266 550 2345 modo
598 2291 738 2346 succus
787 2267 829 2342 in
869 2267 1012 2370 plantis
1051 2267 1303 2372 propellatur.

280 2382 357 2471 atii
391 2379 669 2482 expansionem
700 2382 927 2484 praesertim
951 2383 1151 2461 bullarum
1176 2388 1304 2461 aerea-

281 2519 374 2584 mm
407 2491 559 2592 (Hales
578 2497 709 2592 Vrget.
743 2498 833 2572 Stat
865 2496 924 2571 ch.
948 2496 1024 2593 2),
1050 2497 1115 2574 alii
1138 2497 1218 2572 rim
1243 2510 1305 2572 tu-

283 2608 476 2708 bulorum
510 2606 772 2708 capillarium,
804 2607 866 2684 alii
897 2608 1069 2684 similem
1094 2610 1306 2707 hygrosco·

282 2721 653 2825 picam.(Senebier
675 2720 845 2818 Physiol.
870 2735 988 2820 reget
1015 2727 1058 2798 T.
1084 2727 1116 2807 t
1145 2751 1178 2824 p.
1205 2725 1303 2820 137.)

221 2897 227 2921 „
282 2855 442 2922 oausam
478 2858 563 2912 esse
599 2835 823 2923 voluerunt.
887 2838 936 2912 At
977 2859 1021 2911 er
1061 2836 1303 2937 Euphorbiis

282 2971 424 3034 succus
456 2972 539 3027 non
571 2949 705 3026 minus
738 2948 880 3036 effluit,
912 2951 1090 3050 quamvis
1115 2950 1222 3026 calor
1247 2952 1305 3030 di-

282 3063 502 3149 minuatur,
534 3073 575 3138 et
601 3085 738 3138 rursus
770 3061 912 3150 affluit,
944 3063 1056 3163 quod
1093 3064 1154 3142 via
1189 3089 1211 3140 e
1243 3078 1305 3140 tu-

282 3171 344 3252 bis
385 3174 631 3277 capillaribus
662 3171 748 3254 fieri
780 3188 917 3276 potest
972 3176 1048 3254 Alii
1073 3177 1222 3278 itaque,
1247 3179 1305 3258 uti

282 3309 365 3367 san.
397 3293 556 3368 Marum
596 3287 718 3385 (Dies
755 3287 806 3368 tle
842 3300 958 3366 motu
993 3288 1216 3368 fluidorum
1260 3291 1304 3366 in

282 3399 435 3502 plantis.
477 3400 666 3498 Griining.
692 3400 1110 3500 1773.)‚1trugmanns
1135 3418 1174 3480 et
1198 3407 1306 3483 Cou-

283 3511 355 3618 lon
380 3512 503 3611 (Diss.
529 3511 752 3604 demutata
777 3515 996 3592 humorum
1022 3517 1064 3592 in
1088 3541 1211 3616 regno
1242 3543 1309 3594 or·
1401 3571 1402 3574 κ

281 3625 422 3726 ganisa
454 3624 592 3706 indole
622 3651 643 3702 a
675 3628 712 3702 vi
742 3624 847 3702 vitali
872 3651 1060 3706 vasorum
1077 3629 1307 3718 derivanda,

282 3763 411 3840 quam
440 3763 498 3839 pr.
533 3743 781 3837 Brugmanns
818 3761 848 3815 e
881 3765 913 3816 e.
945 3766 973 3818 s
1007 3743 1168 3822 Goulon
1199 3748 1241 3822 L.
1264 3748 1308 3820 Β.

285 3855 390 3946 1769„
426 3879 463 3954 p.
489 3851 587 3951 12).
624 3850 728 3935 nata
760 3853 965 3951 (Entwurl
995 3855 1069 3934 ein.
1102 3857 1307 3939 Pllanzeu·

279 3961 503 4066 passiolos
535 3965 566 4064 §-
591 3968 648 4044 79„
679 3965 761 4063 80.)
787 3967 838 4044 ad
863 3967 1160 4050 irritabilitatem
1192 3996 1306 4051 vaso-

222 4137 252 4176 :·
281 4097 376 4168 rum
399 4075 621 4160 rotttlerunt
642 4076 865 4162 humorum
888 4097 1057 4189 motum.
1111 4087 1164 4168 At
1187 4110 1306 4167 num·
