2848 4888
279 355 329 434 as
663 307 904 436 rosana

277 551 385 650 sint
435 562 544 636 Haec
591 552 777 660 quidem
775 555 1018 660 praecipue
1047 554 1295 706 symmetrica

276 670 452 747 vocanda
477 685 615 748 sunt
1271 723 1276 732 ·

274 833 277 839 ,
374 779 552 886 Corpora
584 723 774 883 regularia
807 807 829 860 a
858 781 1091 862 Geometm's
1101 797 1297 862 vocantur

277 897 377 999 quae
407 898 533 999 planis
564 897 1112 999 aequalibus‘·includuntur.··
1147 897 1295 978 Omnia

275 1036 441 1142 corpora
473 1009 664 1110 regularia
695 1011 817 1086 simul
848 1005 1095 1144 symmetrica
1119 1025 1229 1100 sunt,
1255 1025 1295 1090 at

274 1121 359 1201 no'n
397 1127 483 1202 vice
522 1149 669 1202 versa·
679 1123 869 1202 Prisma
895 1125 1003 1202 enim
1041 1125 1295 1222 hexagonum

273 1242 414 1342 utique
453 1239 750 1340 symmetricum
786 1251 864 1328 est,
903 1239 1087 1317 minime
1105 1261 1200 1316 vero
1232 1262 1293 1316 re·

273 1355 424 1453 gulare.
688 1415 690 1418 -
1070 1383 1074 1394 ·
1108 1385 1112 1394 ’
1242 1383 1248 1390 ·
1341 1375 1344 1380 ·

371 1468 547 1566 crystalli
578 1465 803 1569 saepissime
833 1466 1015 1569 pluribus
1052 1466 1292 1544 sectionibus

271 1581 315 1658 in
351 1580 469 1658 latera
506 1605 679 1682 congrua
716 1580 850 1657 dirimi
887 1596 1070 1684 possunt,
1109 1582 1291 1660 animalia

271 1721 366 1773 vero
413 1711 452 1772 et
486 1695 711 1794 vegetabilis
751 1719 832 1772 una
871 1709 1027 1772 tantum
1067 1695 1290 1774 secundnm

270 1809 562 1909 longitudinem
586 1809 693 1886 facta.
752 1809 782 1836 ”
1234 1869 1237 1874 -

365 1925 558 2001 Animalia
590 1924 823 2025 composita,
852 1923 911 2002 uti
943 1924 1115 2026 plantae,
1146 1925 1178 2002 si
1204 1950 1290 2002 cor·

268 2061 366 2140 pora
397 2037 546 2136 integra
578 2031 755 2138 respicis,
787 2040 889 2113 hanc
920 2037 1096 2114 formam
1120 2041 1304 2135 symma

267 2153 404 2228 tricam
429 2169 512 2227 no'n
537 2147 819 2253 sempenquin
835 2151 961 2248 rarius
977 2149 1172 2252 pro·dunt;
1195 2151 1289 2228 novi

269 2267 377 2342 enim
408 2265 509 2340 rami
545 2262 643 2339 locis
675 2263 785 2360 ¹vagis
822 2283 1022 2361 emergere
1054 2264 1191 2342 solent
1246 2263 1287 2342 si

267 2405 361 2457 vero
394 2379 544 2480 apicem
577 2374 772 2452 stellatum
805 2375 969 2464 corallii‚
994 2377 1026 2452 si
1051 2376 1195 2454 folium
1220 2392 1288 2455 aut

265 2481 425 2571 ramum
460 2489 739 2578 homotinum,
777 2503 845 2568 aut
873 2489 1033 2580 florem,
1064 2491 1288 2570 fructumve

266 2605 497 2708 respexeris,
539 2603 713 2680 formam
754 2603 1044 2704 symmetricam
1087 2619 1145 2684 sat
1183 2607 1287 2684 bene

267 2743 462 2820 agnosces.
1228 2725 1233 2735 '

360 2835 411 2910 At
432 2831 562 2933 planta
588 2833 637 2910 ab
663 2848 789 2912 exacta
813 2831 1036 2912 formarum
1059 2836 1285 2934 symmetna

262 2947 305 3023 in
342 2948 530 3024 omnibus
567 2945 649 3024 fere
684 2949 860 3051 partibus
896 2949 1098 3052 paulisper
1126 2949 1283 3027 recedit

261 3065 367 3140 Haec
390 3085 484 3138 vero
511 3061 704 3139 aberratio
727 3061 883 3139 somnae
908 3063 1053 3165 duplex
1070 3075 1147 3152 est,
1165 3063 1283 3142 altera

262 3174 465 3274 regularis,
491 3175 608 3251 altera
632 3175 865 3273 irregularis.
983 3243 986 3250 .
1013 3223 1016 3230 ·

360 3287 423 3363 Sic
446 3288 489 3362 in
513 3286 618 3365 foliis
644 3289 800 3366 alternis
826 3311 856 3364 e.
882 3309 916 3388 g.
934 3288 1067 3378 Tiliae
1092 3296 1281 3387 Quercus,

260 3401 507 3503 aliarumque
538 3403 728 3479 arborum
765 3401 984 3479 alternatim
1008 3418 1076 3480 aut
1100 3403 1281 3482 dextrum

260 3531 328 3611 aut
358 3515 560 3592 sinistrum
584 3516 686 3592 latus
717 3513 804 3622 folii
827 3515 1043 3619 prominet,
1073 3518 1194 3594 sicin
1219 3518 1311 3604 so·,

257 3631 320 3706 liis
346 3630 537 3732 oppositis
563 3644 630 3706 aut
654 3623 836 3707 dextrum
860 3630 970 3717 latus,
993 3645 1060 3706 aut
1075 3630 1279 3709 sinistrum

257 3743 396 3832 simul;
447 3757 515 3820 aut
560 3744 793 3821 alterutrum
836 3742 1067 3822 secundum·
1097 3746 1278 3846 regulam

257 3872 500 3933 constantem
526 3860 755 3958 prominere
779 3859 888 3935 solet.
938 3858 1001 3934 Sic
1022 3872 1059 3935 et
1073 3857 1116 3934 in
1140 3857 1284 3958 calyeis'

254 3971 397 4073 phyllis
415 3972 666 4078 corollaeque
683 3973 892 4070 segmentis
907 3971 1096 4071 regularis
1109 3988 1277 4076 ‘est'pro-

253 4085 444 4163 minantia
471 4085 693 4164 alterutrius
717 4086 856 4164 lateris.

384 4237 390 4248 ·
1048 4247 1049 4252 Ν
1161 4205 1276 4280 Prae-
