2836 4878
461 387 825 482 vnesmsnlo.
1082 387 1157 468 Μ

149 619 152 626 ·
231 595 278 671 ln
309 587 564 692 absorptione
593 589 782 688 oxygenei
806 585 922 665 'calor
946 587 1042 666 oriri
1064 612 1158 691 pos·

7 722 12 744 ’
137 719 212 794 set,¹
249 719 287 784 ot
321 706 364 782 in
401 703 646 782 exhalatione
681 703 858 780 minime.
917 703 1019 780 Hinc
1051 703 1159 780 ealon

7 827 12 866 l
136 819 360 923 plantarum
383 815 517 916 major.
537 833 637 896 esset
660 819 789 895 calore
813 817 913 895 airis
950 815 1159 896 ambientis

137 945 262 1012 noctu
287 948 325 1011 et
354 948 536 1035 tempore
569 932 720 1020 nubilo,
745 955 818 1010 nee
842 955 927 1012 nou
950 931 994 1007 in
1017 931 1160 1009 radici·

137 1045 215 1124 bus
240 1061 278 1125 et
303 1047 412 1124 caule
437 1045 565 1152 fusco,
596 1044 731 1121 minor
753 1059 935 1146 tempore
959 1043 1065 1121 claro
1092 1057 1160 1125 aut

137 1157 181 1236 in
213 1161 333 1238 radiis
363 1159 466 1237 solis.
514 1164 566 1236 At
588 1157 863 1261 experimentis
885 1181 950 1236 res
973 1157 1160 1238 nondum
1252 1178 1254 1186 ’

140 1288 199 1352 est
222 1273 461 1355 confirmata.
1065 1269 1069 1276 ’

236 1388 417 1464 Calorem
434 1383 644 1487 proprium
656 1384 798 1485 plantis
810 1385 1036 1463 tribuerunt
1049 1409 1161 1489 prae*

139 1501 273 1576 sertim
317 1504 345 1577 Ι.
382 1504 552 1576 llunter·
572 1498 695 1598 (Phil
734 1503 930 1576 Transact.
971 1497 1017 1577 cf.
1055 1506 1161 1579 1778

5 1643 9 1670 =·
138 1615 180 1690 P.
198 1619 230 1689 1.
247 1639 283 1715 p.
301 1615 362 1710 7.),
388 1609 568 1713 Schoepf
586 1611 872 1710 (Natursorsch.
898 1617 951 1690 st
966 1617 1026 1692 2³.
1046 1640 1083 1717 p.
1101 1614 1162 1712 1.)‚

143 1725 303 1830 Salome
336 1724 495 1825 (Annal.
528 1725 565 1801 d.
586 1725 756 1803 Cbimie.
782 1731 826 1802 T.
851 1730 908 1802 to.
932 1754 970 1830 p.
995 1727 1100 1824 113.)
1125 1739 1165 1804 et

4 1835 5 1840 ‘
140 1839 394 1916 Hermbstiidt
421 1843 600 1938 (Magon.
631 1839 891 1916 natursorsch.
920 1840 1105 1918 Freunde
1130 1865 1161 1919 ι

140 1954 240 2031 lierl.
274 1958 318 2029 T.
350 1958 383 2028 l.
414 1978 451 2055 p.
480 1952 599 2048 sle).
653 1954 703 2030 At
734 1955 997 2056 experimento
1028 1969 1067 2030 et
1091 1954 1164 2030 ob·

2 2083 8 2131 t
108 2149 110 2157 .
142 2068 379 2146 servationes
402 2066 583 2142 virorum
610 2063 932 2144 doctissimorum
957 2065 1076 2164 hujus
1102 2091 1163 2144 ca·

2 2199 6 2258 z
140 2177 238 2256 loris
273 2179 516 2256 existentiam
551 2179 719 2256 minime
754 2179 925 2281 probare
958 2181 1164 2282 ingeniose

143 2293 323 2394 exposuit
345 2296 436 2370 Nau
460 2292 613 2392 (Annal.
631 2291 667 2368 d.
683 2299 937 2371 Wetternuer
953 2287 1163 2371 Geseliseb.
1294 2311 1297 2318 “

1 2449 3 2458 ‹
145 2407 454 2509 prfflb·
579 2450 599 2460 v

142 2555 160 2566 ··
238 2523 287 2600 In
322 2519 501 2630 floribus,
528 2517 769 2622 quibusdam
807 2521 916 2598 calor
954 2535 1012 2598 sot
1050 2519 1165 2600 fortis

144 2635 320 2714 sentitur.
367 2634 525 2713 Primus
549 2633 747 2732 ejusmodi
773 2635 1089 2716 observationem
1120 2637 1164 2714 in

143 2751 225 2826 nro
262 2748 392 2826 italico
417 2747 509 2826 feeit
531 2748 720 2825 Lamarclt
744 2748 1057 2851 (Eneyclopedie
1082 2774 1164 2827 me-

144 2861 298 2964 thodiq.
315 2866 393 2941 Art
417 2865 527 2940 Aron
554 2860 722 2957 ditalie).
759 2861 883 2938 Multa
900 2866 1165 2965 ‘experimenti

143 2976 196 3052 ·de
226 2976 354 3078 calore
387 2974 554 3077 spadicis
586 2975 628 3051 in
653 2978 734 3051 liro
760 2975 973 3053 cordifolio
997 2979 1166 3058 instituit

140 3091 299 3168 Hubert
322 3093 442 3189 (Bory
464 3087 508 3164 d.
519 3094 572 3164 st.
588 3089 916 3188 VincentVoyag.
934 3090 970 3165 d.
988 3090 1166 3192 l.·quatre

144 3203 347 3304 principal.
372 3204 444 3279 iles
469 3202 506 3278 d.
530 3227 645 3279 mers
662 3199 868 3304 d'Afrique.
894 3207 939 3280 Τ.
962 3207 997 3279 2
1022 3231 1058 3306 p.
1079 3207 1165 3302 ou).

144 3316 255 3396 Vidit
293 3317 523 3392 interiorem
563 3330 716 3418 partem
756 3316 924 3418 spadicis
965 3317 1165 3408 calentem,

144 3429 299 3506 varium
336 3428 509 3504 calorem
544 3429 587 3504 in
623 3443 732 3532 parte
764 3429 905 3533 pistillo
938 3429 1165 3512 antherssve

146 3555 319 3641 gerente,
344 3545 557 3644 niuemque
581 3540 939 3644 atmospbaerieum
964 3561 1164 3644 oxygeneo

146 3655 226 3732 boc
257 3654 414 3756 spn‘dice
440 3655 652 3759 privatum,
682 3655 856 3758 locoque
881 3658 1053 3736 obscuro
1078 3683 1166 3760 per-

148 3769 357 3845 sistentem.

243 3885 337 3958 Non
361 3879 501 3958 dubito
527 3883 700 3962 calorem
723 3884 877 3962 buncce
901 3883 994 3960 oriri
1012 3853 1058 3960 ex
1075 3885 1165 3962 oleo

148 3994 348 4083 aethereo,
372 4019 444 4072 seu
474 4016 563 4096 gase
594 3997 1096 4098 hydrogeneozcarbonico
1122 3999 1165 4076 in

146 4129 350 4206 oxygeneo
382 4111 481 4192 airis
514 4112 814 4215 atmosphaerici
845 4110 1072 4202 combusto,
1113 4111 1166 4192 ita
1280 4135 1283 4142 ’
