2848 4888
206 343 208 348 ’
287 341 337 420 2⁹2
671 344 920 424 P'LANTA.

288 538 470 618 ntinusve
510 539 805 640 explicatamm,
841 562 914 616 nec
959 537 1171 616 discximen
1208 534 1316 611 inter

287 651 471 732 animalia
496 666 534 730 et
557 651 793 750 vegetabilia.

311 779 314 786 ’
385 782 526 860 Obstat
555 781 761 859 necessitas
793 779 991 884 quaedam
1014 782 1184 868 interna,
1210 803 1315 881 quae

287 894 437 997 plantas
459 895 512 972 ita
535 894 753 996 procedere
776 907 887 970 vetat.
942 893 1136 972 Videmus
1159 908 1314 995 partem

287 1033 411 1086 unam
450 1023 542 1112 post
576 1007 739 1086 alteram
776 1009 973 1111 explicari,
1014 1007 1066 1082 ita
1102 1021 1149 1082 ut
1182 1019 1314 1107 partes

287 1123 412 1222 magis
434 1125 617 1200 minusve
641 1123 850 1225 explicatae
872 1124 916 1198 in
934 1121 1081 1199 eodem
1099 1117 1313 1196 individuo

288 1237 427 1313 adsint.
485 1237 526 1314 Si
562 1251 702 1340 partes·
736 1235 787 1313 ad
829 1235 1005 1312 eundem
1046 1233 1314 1336 explicationis

288 1349 458 1449 gradum
488 1366 767 1454 pervenerunt,
803 1350 1014 1452 requiescit
1038 1348 1314 1450 quasinatura

164 1471 167 1476 “
227 1474 229 1480 ’
289 1479 329 1540 et
352 1465 496 1542 multas
520 1467 667 1568 species
691 1462 844 1567 profert
867 1464 891 1538 i.
910 1487 941 1538 e.
966 1462 1133 1539 leviores
1151 1460 1314 1562 explica-

288 1576 409 1656 tionis
424 1579 625 1656 varietates
639 1593 770 1668 tentat,
785 1577 896 1654 unde
922 1574 1083 1652 ordines
1107 1574 1314 1652 naturales

290 1693 396 1770 Cum
425 1718 516 1795 pars
552 1716 715 1796 quoque
739 1693 781 1767 in
807 1692 923 1768 aliam
949 1696 1051 1790 agat,
1075 1715 1165 1791 pars
1188 1688 1314 1786 magis

290 1806 475 1907 explicata
508 1807 668 1886 alteram
700 1805 991 1907 aliquantulum
1024 1829 1161 1881 secum
1198 1801 1314 1888 vehit,

289 1931 336 1994 ut
357 1920 482 2017 magis
507 1919 719 2023 explicetur
744 1935 782 1997 et
805 1921 889 1996 vice
913 1944 1033 2006 versa,
1065 1943 1155 2020 pars
1178 1916 1314 1992 minus

179 2060 184 2072 ·
290 2031 474 2132 explicata
497 2036 622 2133 magis
648 2033 876 2136 explicatam
892 2035 1043 2110 retinet
1079 2033 1151 2108 ,sic
1170 2029 1314 2106 folium

288 2147 538 2244 gramineum
569 2174 663 2228 cum
702 2146 853 2224 corolla
893 2146 1163 2249 papilionacea
1198 2139 1314 2220 num·

290 2283 413 2360 quam
443 2259 652 2358 junctum,
693 2260 858 2361 simplex
896 2275 1030 2336 tamen
1066 2259 1109 2336 in
1144 2258 1315 2356 Lathyro

289 2373 460 2451 Nissolia
483 2376 692 2452 invenitur.
741 2380 853 2472 Quae
883 2374 1018 2452 omnia
1048 2373 1315 2450 necessitatem

291 2483 488 2562 internam
514 2489 736 2565 obstantem
760 2489 942 2590 probant

389 2616 678 2720 Impedimenta
716 2633 870 2695 externa
896 2630 1000 2694 sunt
1038 2616 1171 2705 clima,
1213 2639 1244 2692 e.
1281 2637 1316 2716 g.

235 2759 237 2766 ’
293 2728 500 2828 saigidum,
534 2732 646 2834 quod
679 2733 977 2835 explicationem
1009 2730 1169 2818 retinet,
1193 2727 1316 2818 locus,

293 2847 325 2920 e.
350 2867 384 2942 g.
411 2869 535 2935 mare,
567 2847 678 2950 quod
706 2847 1003 2949 explicationem
1034 2843 1214 2920 similiter
1242 2843 1316 2919 im·

292 2959 418 3060 pedit,
451 2974 489 3037 et
521 2974 622 3062 quae
654 2960 726 3038 alia
759 2959 949 3048 obsistere
973 2957 1167 3036 videntur
1181 2958 1317 3034 minus

293 3088 397 3150 nota.

391 3206 616 3304 Spontanea
641 3231 662 3282 a
685 3203 817 3280 forma
841 3202 1089 3302 symmetcica
1113 3201 1316 3290 aberratio

295 3314 348 3408 de
388 3337 466 3418 qua
498 3342 616 3421 supra
654 3317 842 3408 diximus,
885 3314 1219 3418 impedimentum
1257 3317 1317 3392 in·

295 3444 457 3508 ternum
475 3446 541 3522 est
562 3459 640 3536 qua
660 3458 805 3536 coxpus
822 3430 1053 3534 organicum
1068 3428 1316 3507 individuam

295 3569 488 3644 quaerens
512 3547 695 3625 naturam
719 3572 806 3624 eam
829 3547 956 3648 ipsam
972 3545 1091 3624 simul
1117 3543 1318 3623 destruere

295 3661 442 3738 nititur.
488 3691 493 3698 ’

299 3935 378 4050 17:
432 3933 725 4024 Plantomm
746 3957 1015 4051 compages
1043 3934 1315 4022 monstrante

360 4105 437 4164 cea
474 4088 563 4179 est,
605 4071 915 4166 membranis
953 4070 1047 4161 sibi
1079 4068 1316 4190 superim-
