2848 4888
298 361 355 437 m
613 344 1008 453 annuerunt

288 554 452 635 adesse.
490 572 649 636 tantum:
673 554 729 633 in
765 553 1071 658 parencbymate·
1115 553 1324 642 medullae.

284 701 286 706 ·
306 695 381 747 nec
398 677 490 750 'uon
508 669 880 776 'inpareudaymate
903 670 1025 748 cardis
1047 668 1323 766 ξΜοηοοοιγὶοι-

306 782 473 863 domam.
1175 859 1178 864 .

402 914 553 1030 Meatus
568 993 571 998 .
588 921 669 999 isti·
688 922 893 1000 cellulares
923 943 1146 1024 numquam
1186 941 1323 1024 occurg

305 1049 400 1112 runt
435 1037 506 1112 uhi
543 1037 704 1114 cellulae
741 1039 889 1139 absque
926 1035 1067 1114 ordine
1107 1047 1323 1132 congestae,

298 1160 378 1224 'nec
409 1151 479 1227 ubi
505 1149 667 1228 cellulae
692 1151 878 1250 globosae
902 1149 944 1226 in
969 1150 1086 1226 series
1112 1147 1322 1250 dispositae

302 1277 411 1340 sunt
455 1268 715 1344 Inveniuntur
737 1265 807 1342 ubi
833 1261 994 1340 cellulae
1019 1260 1221 1360 angulatae
1245 1259 1318 1335 sibi

297 1380 551 1458 accumbunt
580 1397 618 1459 et
644 1381 848 1479 margines
884 1377 1114 1456 cellularum
1149 1374 1322 1478 plerum

305 1517 384 1595 que
410 1496 601 1572 obscuros
627 1497 878 1574 consumunt
905 1498 949 1572 T
975 1495 1007 1566 1.
1031 1488 1056 1566 1.
1082 1494 1115 1564 1.
1140 1489 1187 1586 (e
1212 1487 1322 1564 caule

305 1599 491 1684 Orchidis
515 1590 732 1707 latifoliae).
784 1610 884 1685 Cave
909 1631 960 1682 ne
983 1603 1179 1702 margines
1204 1601 1322 1678 cellu-

297 1719 433 1797 larum
457 1721 662 1844 inferiores
686 1721 930 1827 perlucentes
954 1745 1028 1823 pro
1054 1717 1200 1821 pariete
1215 1740 1321 1792 mea·

297 1849 368 1911 'tus
392 1837 594 1913 habeas

243 2015 261 2022 ··
363 1973 581 2052 Obscuri
596 1989 689 2050 sunt
712 2002 733 2050 a
758 1973 920 2050 materia
946 1984 1100 2057 secreta,
1125 1993 1219 2045 nam
1235 1991 1319 2042 non
1415 1963 1416 1982 ³

302 2086 392 2164 ¹raro
429 2090 648 2188 marginem
685 2088 915 2164 cellularum
951 2088 1044 2162 hinc
1079 2098 1242 2160 tenuem
1283 2093 1321 2155 et

302 2202 447 2278 lineam
482 2217 637 2278 tantum
656 2202 887 2288 sistentem,
916 2199 1011 2276 inde
1039 2224 1133 2275 vero
1159 2193 1320 2273 crassio-

179 2304 183 2318 ’
301 2341 388 2391 rem
422 2330 459 2391 et
489 2318 705 2391 obscurum
737 2313 897 2391 videbis.

298 2441 301 2446 ¹
397 2457 492 2530 Non
517 2451 691 2528 desunt
680 2477 722 2526 an
746 2451 848 2550 libro
874 2464 940 2526 aut
956 2450 1100 2556 cortice
1122 2448 1320 2536 interiore,

295 2566 374 2660 ¹‚sed
399 2546 546 2644 eadem
561 2549 759 2642 intervalla
785 2543 951 2642 obscura
976 2566 1125 2654 sistunt,
1152 2565 1320 2667 quaein
1415 2571 1416 2598 ³

299 2681 602 2784 parenchymate
634 2678 938 2782 conspiciuntur
996 2676 1074 2756 Cfr.
1108 2684 1152 2754 T
1178 2682 1210 2754 l.
1235 2677 1260 2754 1.
1284 2681 1318 2754 2
1415 2689 1416 2720 1

302 2795 455 2872 clibro
486 2794 575 2892 Pyri
605 2791 707 2869 Mali.
756 2797 904 2870 Haecce
928 2793 1127 2870 intervalla
1152 2793 1318 2871 obscura
1415 2827 1416 2878 ι

298 2934 374 3012 pro
413 2907 523 2983 fibris
561 2907 745 2984 habuisse
787 2933 874 2984 vasa
917 2906 1229 2984 distendentibus
1272 2908 1318 2981 G.

299 3027 345 3100 lt.
360 3023 618 3099 Treviranum
631 3019 892 3118 (Vennischte
906 3018 1110 3098 Schrillen.
1123 3025 1157 3096 1.
1168 3049 1206 3122 p.
1220 3019 1317 3116 146.)

300 3135 487 3237 equidem
511 3148 624 3236 puto.

294 3343 299 3359 .
395 3282 673 3362 Maximisunt
697 3295 735 3358 ct
757 3280 922 3384 proprio
949 3283 1083 3360 colore
1105 3282 1255 3360 imbuti·
1274 3282 1317 3358 in

301 3422 350 3475 eo
363 3397 494 3485 libro,
521 3396 590 3497 qui
614 3397 795 3484 bracteas,
820 3398 1035 3498 strigasque
1058 3397 1239 3474 Filicurn,
1252 3420 1318 3472 oc·
1415 3465 1416 3484 ,

293 3525 433 3613 cupat,
464 3525 510 3586 ut
538 3507 651 3586 facile
681 3535 768 3586 vasa
802 3535 885 3586 esse
911 3509 1054 3586 credas.
1101 3514 1152 3589 At
1175 3511 1329 3613 saepis·¹
1415 3499 1416 3568 Ῐ

292 3627 399 3728 -sime
423 3625 584 3725 repetita
610 3638 649 3700 et
672 3623 826 3700 assidua
852 3625 1124 3704 observatione
1140 3650 1225 3703 non
1241 3624 1317 3700 nisi

297 3742 451 3815 meatus
489 3762 571 3814 csse
601 3736 904 3816 intercellulares
935 3738 1025 3814 vidi.
1081 3743 1128 3817 In
1154 3739 1318 3841 quibus·

300 3851 393 3928 dam
432 3863 635 3928 contextus
683 3835 938 3932 cellulosus
925 3878 969 3930 1n
1003 3853 1122 3930 hisce
1149 3853 1318 3932 intersti-

290 3966 362 4041 tiis
387 3966 520 4053 oritur,
546 3964 693 4068 quod
681 3992 737 4046 m
750 3966 926 4046 caulibus
950 3967 1118 4074 Filicum
1135 3955 1317 4046 arborea·
1415 4047 1416 4052 a

291 4104 394 4161 mm
414 4079 634 4179 luculenter
655 4079 737 4158 vidi
763 4085 808 4158 T.
833 4087 866 4160 l
890 4080 916 4156 f.
937 4079 1054 4260 Ra
