2836 4878
521 350 807 444 rnucrus.
1105 347 1187 445 alli
1250 329 1253 343 ‘

152 564 349 665 capsulae,
386 562 539 663 singula
570 564 673 641 intra
704 563 957 660 membranas
991 556 1183 665 calycllttts‘

153 679 386 764 ambientes,
420 677 611 755 omnibus
642 703 807 784 quoquc
840 677 882 754 in
915 676 1055 783 eadem
1081 683 1185 760 set-te

151 792 289 894 positis
330 792 562 869 membranis
611 791 753 870 bivalvi
798 783 953 894 lectis.¹
981 793 1184 898 Capsulae'

151 906 261 1038 apice
286 900 511 1022 dehiscunt,
531 921 707 984 ceterum
733 907 900 1009 capsulis
922 901 1183 1023 Iungemiitn·'-
1274 929 1278 940 ·

151 1020 242 1096 niae
271 1021 429 1097 similes.
492 997 713 1119 'iargionia
736 1021 856 1098 habet
886 1001 1185 1124 receptaculum

150 1111 312 1224 bisalis,
336 1157 408 1211 seu
430 1135 565 1236 potius
589 1133 816 1212 folliculum
832 1130 1027 1252 bi'valv'em
1041 1132 1181 1276 versus

150 1233 300 1350 apicem
327 1245 518 1324 frondis
506 1262 699 1324 innatum.
1051 1271 1054 1280 ·
1148 1263 1153 1286 ”

245 1361 503 1463 Receptacula
540 1361 715 1440 mascula
753 1357 992 1441 alemineis
1016 1363 1182 1462 diversa,

146 1475 213 1550 illa
245 1474 475 1565 rotundatu,
504 1475 603 1552 haec
628 1475 810 1553 stellatim
834 1478 974 1579 partita
998 1476 1077 1576 jam
1103 1479 1177 1558 du·

17 1583 19 1588 ’
147 1587 248 1663 dum
282 1588 520 1677 observata,¹
544 1590 707 1668 tandem
739 1590 813 1666 rite
844 1589 1026 1668 distincta
1058 1614 1177 1694 expo*

147 1704 227 1780 suit
252 1702 434 1780 dehisce
459 1703 601 1806 plantis
625 1705 909 1781 meritissimus·
928 1705 1103 1806 Hedwig.

248 1817 503 1922 Cryptophyla
543 1817 778 1919 simpliciori
817 1818 1023 1896 fructuum
1061 1811 1176 1922 appa'ss

122 1990 126 2004 .
147 1945 235 2007 ratu
260 1930 443 2030 gaudent„
500 1932 720 2008 Granula
708 1937 884 2035 inspersa
910 1949 1004 2009 sunt
1029 1959 1096 2036 qut
1087 1935 1175 2010 bus
1265 1979 1268 1986 ·

123 2049 431 2178 propagantur,
463 2059 531 2122 aut
560 2045 730 2148 ubique,
762 2044 986 2125 autentis
993 2048 1091 2124 lucis
1116 2063 1175 2124 ac-

69 2179 72 2185 ’
146 2149 414 2248 cumulatam
430 2159 806 2262 Hyphomycetibus,
831 2185 862 2238 e
887 2183 921 2258 3.
946 2139 1181 2264 aspergillo,
1215 2175 1218 2186 ⁴

144 2273 388 2358 Penicillior
415 2277 521 2350 Haec
553 2265 716 2371 granula
746 2277 914 2376 spuriilz‘a
942 2278 1175 2354 vocaverim.
1213 2265 1216 2280 '

147 2395 250 2467 Sunt
278 2387 482 2464 interdum
513 2385 682 2484 majora,
712 2389 876 2466 materia
901 2404 1089 2487 grumosa
1114 2397 1179 2466 re-

143 2505 263 2606 pleta,
289 2528 320 2579 e.
345 2526 379 2602 g.
404 2501 448 2576 in
474 2503 704 2589 Cacomate,
729 2515 876 2603 septata
900 2504 1012 2580 utin
1037 2505 1173 2581 Pucci-

146 2620 228 2706 nia,
259 2615 535 2715 Phragmidio‚
559 2617 687 2710 ramus
717 2616 760 2691 in
793 2617 933 2694 eadem
966 2618 1086 2720 stirpe
1110 2636 1177 2695 νει

146 2729 398 2808 riaeformae
413 2731 677 2833 repedantur,
693 2730 796 2807 utin
816 2733 1027 2808 Gaeomate
1038 2733 1178 2808 mixtus

144 2847 314 2926 Videtur
336 2846 523 2922 transitus
549 2845 606 2922 ad'
624 2869 761 2924 sexum
788 2843 990 2948 duplicem
1014 2857 1089 2922 nec
1118 2846 1177 2922 'ta‘

145 2961 240 3037 men
276 2961 349 3035 rite
388 2958 627 3036 distinctum.
701 2961 918 3062 Spornngzu'
948 2960 1174 3037 vocaverint

131 3103 189 3151 *ea
235 3073 528 3174 conceptacula,
572 3101 674 3176 quae
715 3074 877 3174 granula
917 3074 1175 3176 propagantia

143 3187 324 3266 distincta
350 3187 554 3265 continent
584 3213 655 3264 seu
683 3219 825 3292 sporus.
888 3185 995 3266 Nolo
1020 3188 1172 3264 semina

142 3315 285 3378 vocare
308 3315 347 3378 ct
370 3301 596 3403 pericarpia,
624 3328 719 3379 cum
745 3326 858 3379 sexus
883 3302 1082 3381 masculus
1105 3299 1171 3378 de-

142 3417 206 3503 sit,
241 3427 279 3491 et
308 3414 494 3492 nondum
521 3427 773 3520 compertum
798 3415 863 3506 sit,
894 3441 995 3492 num
1020 3415 1173 3492 semina

143 3529 221 3606 sint
246 3555 295 3604 an
320 3553 510 3629 gemmae.
562 3532 780 3632 Sporangia
805 3531 1001 3607 habemus
1017 3531 1172 3605 minuta
1293 3568 1296 3589 ι

141 3643 279 3720 {loccis
311 3642 523 3720 insidentia
554 3645 597 3721 in
628 3651 818 3736 Mucore;
846 3661 913 3723 aut
937 3642 1088 3744 majora
1111 3651 1172 3719 to·
1234 3661 1237 3669 “

142 3770 231 3834 tum
262 3753 433 3855 fungum
466 3757 549 3838 sere
581 3760 875 3849 constituentia,
905 3774 952 3836 nt
980 3759 1024 3834 in
1048 3762 1171 3856 Lyco-

143 3871 286 3974 pcrdis.
344 3871 550 3949 Interdum
581 3877 827 3976 sporangmla
850 3875 1008 3958 minora
1034 3899 1055 3949 a
1081 3888 1172 3974 spn-

142 3986 280 4085 rangio
313 3983 463 4084 majore
495 3987 646 4064 inclusa
672 4004 774 4065 sunt.
825 3989 981 4066 Therae
1007 3983 1172 4090 quoqne

141 4101 395 4204 reperiuntur
419 4127 490 4180 seu
516 4105 795 4206 conceptacula
821 4099 1011 4204 elongata,
1036 4128 1171 4210 spora-
1200 4201 1211 4214 „
