2848 4888
254 329 321 462 rs·
653 358 869 444 sacam.

263 564 574 664 ,‚,„strucutra.·
587 559 731 648 hanam
776 557 999 663 plantarum
1045 561 1271 664 saepissimo

253 701 418 780 quoque
453 677 596 778 minus·¹
624 673 806 778 explicata
848 688 919 762 esta
959 675 1271 778 parenchyrnatis

147 793 152 802 “
234 769 415 878 [cellulae
445 792 579 866 minus
611 788 829 878 distinctae,
861 815 950 866 vasa
975 789 1128 892 spiralia
1152 788 1270 866 nulla.

240 911 376 984 Hasce
405 905 554 1007 plantas
590 903 843 1008 Cryptopleyto
866 904 1103 990 vocaverim3
1128 903 1179 978 ad
1202 902 1270 979 ha·

241 1041 424 1122 *rumque
449 1017 631 1144 εἰειειειιιἸ
650 1017 803 1108 Filices,
827 1017 941 1116 Algae
966 1031 1005 1094 et
1026 1021 1187 1116 Fungos
1210 1039 1270 1092 re·

249 1131 407 1210 serrem.

347 1249 454 1322 Inter
476 1243 627 1346 plantas
651 1227 850 1322 normales
876 1261 915 1323 et
938 1195 1149 1324 abnortnes
1174 1241 1271 1319 aliae

225 1379 234 1394 ”
252 1347 360 1449 s'unt,
384 1359 566 1438 medium
589 1373 766 1438 tenentes
787 1359 937 1438 locum.

345 1472 923 1575 Musciplantaesubnormales
936 1473 1103 1550 dicendi.
1126 1477 1272 1550 Paren
1307 1461 1310 1471 ’

252 1587 441 1690 chymatis
463 1586 624 1662 cellulae
649 1586 859 1674 distinctae,
881 1613 969 1664 vasa
983 1588 1136 1690 spiralia
1152 1585 1271 1662 nulla.

251 1701 417 1780 Radices
440 1698 678 1802 piliformes,
703 1699 798 1777 folia
819 1699 1023 1778 interdum
1056 1703 1120 1801 (in
1145 1705 1272 1803 Hepa-

251 1815 352 1912 ticis)
377 1837 471 1890 cum
496 1812 607 1891 caule
632 1813 806 1900 confusa,
833 1815 1057 1915 saepissime
1082 1813 1271 1903 distincta,

252 1943 291 2006 at
332 1952 488 2029 semper
515 1926 732 2028 simplicia,
775 1928 1008 2004 staminibus
1045 1942 1085 2004 et
1119 1927 1272 2030 pistillis

230 2047 400 2140 'organa
425 2040 603 2138 analoga,
618 2039 780 2120 tructus
806 2041 1024 2142 explicatus

345 2156 479 2236 Felices
503 2178 588 2232 non
611 2154 747 2230 nriuus
768 2153 1045 2232 subnormales
1071 2131 1271 2234 dicendae.

249 2268 565 2365 Parenchymatis
597 2265 759 2343 cellulae
790 2263 1007 2356 distinctae
1037 2293 1126 2346 vasa
1150 2270 1272 2372 spira

250 2383 301 2459 lia
326 2381 528 2459 evidentia.
576 2379 743 2456 Radices
766 2379 966 2482 perfectae,
991 2380 1086 2461 folia
1110 2407 1270 2486 saepen
1356 2407 1386 2436 ··
1416 2387 1417 2417 ³

252 2495 363 2598 caule
408 2495 608 2595 ramisque
651 2517 736 2568 non
775 2494 848 2570 rite
888 2494 1083 2588 distincta,
1119 2521 1270 2596 organa
1410 2555 1416 2568 .

113 2608 118 2613 ’
251 2606 423 2696 mascula
464 2607 588 2696 nulla,
632 2631 705 2684 nec
745 2606 855 2685 floris
896 2611 1069 2709 vestigia,
1117 2611 1269 2690 fructus

250 2737 467 2800 structurae
488 2721 749 2824 simplicioris

344 2837 545 2914 Alienatus
571 2835 661 2912 dico
686 2835 851 2937 plantas,
869 2835 909 2912 si
925 2861 1051 2938 supra
1077 2837 1271 2918 dictarum

247 2951 510 3038 variationum
534 2973 613 3027 una
631 2949 803 3028 alterave
827 2949 949 3026 nimia
967 2963 1032 3026 est.
1076 2952 1146 3028 -Sic
1161 2955 1269 3030 Carti

248 3063 359 3140 caule
383 3063 556 3140 nimium
580 3065 800 3151 incrassato,
825 3060 932 3138 soliis
957 3060 1038 3139 fere
1066 3065 1269 3168 absorptis,

250 3177 442 3256 Cuscutae
468 3175 644 3256 caulibus
668 3176 840 3252 nimium
857 3174 1056 3274 elongatis,
1078 3175 1185 3255 soliis
1202 3182 1269 3258 ab·

249 3290 409 3392 sorptis,
444 3287 619 3392 aliaeque
650 3288 884 3388 hujusmodi
913 3288 1070 3394 plantae
1099 3291 1153 3368 ad
1175 3293 1268 3372 alie·

248 3403 359 3482 natas
376 3400 609 3482 referendae
631 3403 825 3482 videntur.

675 3666 851 3702 *Φ*
