2836 4878
477 382 789 477 QUAL'I'PAS.
1072 381 1149 460 ffi

117 581 297 684 positum
345 579 458 659 aliter
505 577 589 660 s'ese
627 523 758 662 xhaltrat
791 605 850 658 ac
901 581 1146 682 gossypium.

116 697 359 783 Membrana·
386 693 608 794 fungorum
643 695 809 798 proprio
840 695 1015 772 nornine
1054 694 1147 771 fun·
1268 711 1276 728 ‘

117 811 209 908 gina
243 811 391 888 scilicet
427 811 613 888 distinxit.
636 815 886 888 Bracconnot
917 809 1080 908 (nnual.
1107 809 1146 885 d.

118 925 249 1003 Chim.
284 931 330 1002 Τ.
355 931 412 1003 tn.
436 953 474 1027 p.
498 927 628 1021 276.).‚
668 926 745 1003 Cir.
772 941 811 1002 et
836 947 937 1028 quae
961 929 1148 1026 Vauque-

117 1037 254 1118 linde
269 1041 351 1117 .hac
375 1041 539 1116 materia
565 1039 664 1116 dixit
688 1040 806 1137 (ibid.
833 1046 877 1116 T.
901 1043 961 1116 85.
985 1064 1023 1140 p.
1048 1039 1106 1138 5.)

125 1206 150 1219 ··
216 1158 320 1234 Hinc¹
332 1177 335 1184 ·
350 1178 516 1257 quoque
548 1153 752 1254 qualitates
776 1153 960 1255 physicae
982 1179 1059 1255 pro
1083 1179 1148 1231 va-

118 1267 189 1344 riis
213 1269 356 1371 plantis
381 1269 507 1344 variae
533 1280 634 1344 sunt
671 1271 770 1344 Vasa
796 1266 945 1344 fibrosa
967 1269 1011 1344 in
1034 1268 1149 1357 Lino,

119 1383 314 1468 Cannabi,
354 1381 580 1469 Malvaceis‚
619 1381 752 1461 Urtica
772 1429 775 1436 ·
797 1383 961 1486 aliisque
998 1385 1149 1460 tenacia

116 1510 227 1571 sunt
282 1499 383 1574 Vasa
413 1494 568 1596 spiralia
592 1497 635 1570 in
665 1499 799 1594 Agaue
830 1499 1048 1574 americana
1079 1513 1149 1574 etc.

114 1610 374 1686 Membranae
409 1609 725 1712 parenchyrnatis
750 1623 802 1686 'et
843 1611 1150 1710 proseuchyma-

115 1722 167 1798 tis
191 1725 329 1800 minus
343 1737 518 1800 tenaces
533 1727 630 1799 suut
649 1724 749 1803 vasis
775 1749 877 1824 quae
904 1724 1084 1801 diximus.

214 1837 398 1913 Firmitas
442 1836 537 1934 ligni
581 1858 667 1912 non
708 1836 842 1912 solum
884 1862 905 1914 e
945 1840 1149 1916 tenacitate

114 1974 308 2028 vasorum
338 1950 602 2037 fibrosorum,
635 1949 706 2026 sed
739 1975 904 2058 quoque
937 1975 959 2028 e
996 1952 1148 2030 cellulis

109 2065 284 2167 pendet,
303 2055 424 2141 areas
457 2063 610 2140 reticuli
643 2064 786 2163 lignosi
811 2065 1073 2168 replentibus,
1104 2067 1148 2144 iu

116 2179 268 2280 quibus
293 2194 361 2256 aut
370 2180 512 2270 ,minor
528 2191 597 2262 aut
610 2177 741 2276 major
756 2180 870 2281 copia
892 2181 1148 2259 materiarum

116 2294 314 2372 siccarum
340 2293 519 2398 deposita
536 2306 615 2370 cst·
645 2295 754 2385 'Hinc
777 2291 932 2391 lignum
956 2296 1147 2372 arborum

114 2407 174 2483 in.
193 2399 426 2507 regionibus
451 2405 586 2485 calidis
610 2405 723 2504 'valde
746 2407 913 2484 firmum
945 2423 1017 2498 est,
1054 2409 1147 2510 quia

114 2525 289 2600 inanima
321 2524 508 2600 materiae
541 2523 749 2616 exsiccatae
782 2523 896 2624 copia
928 2523 971 2597 in
997 2520 1147 2598 cellulis

117 2637 346 2738 deponitur.
374 2637 528 2714 ·Vn1iat
549 2661 643 2712 vero
669 2637 767 2713 haec
780 2639 905 2739 ¹copia
921 2647 996 2739 pro
1018 2636 1147 2738 specie

115 2749 363 2850 plantarum,
400 2764 466 2826 aut
506 2773 650 2849 genere
687 2765 764 2826 aut.
789 2750 933 2827 ordine
946 2747 1147 2825 anaturali.

115 2863 296 2960 Lignum·
334 2865 440 2940 bene
475 2863 664 2941 siccatum
704 2863 922 2942 humidum
956 2861 1152 2942 firmitate

117 2990 288 3076 superat
335 2978 470 3054 Variat
485 2976 831 3079 quoque-firmitas
843 2992 921 3080 pro
940 2977 1033 3054 anni
1048 2989 1148 3052 tem*

115 3113 220 3190 pore
245 3103 285 3166 et
306 3104 536 3192 tempestate
562 3093 712 3194 qtdbus
734 3093 902 3169 arbores
915 3113 1048 3168 mesae
1062 3088 1148 3164 fuc-

114 3203 208 3278 rint
273 3202 398 3281 Multa
439 3207 727 3308 experimenta·¹
744 3205 795 3282 de
830 3205 941 3307 ligni·
962 3203 1149 3283 firmitate

112 3315 289 3394 instituit
308 3317 460 3396 Bullon
477 3321 612 3418 (Mem.
631 3319 683 3396 de
698 3319 836 3398 l’Acad.
855 3319 891 3396 d.
908 3323 1025 3420 serap.v
1041 3321 1152 3400 ltttt

115 3431 243 3529 lttt)
258 3446 308 3510 at
331 3447 477 3509 resest
502 3433 737 3512 difficillima
762 3435 957 3524 extaicatu,
975 3433 1030 3512 ol)
1047 3446 1148 3510 stru-

117 3557 273 3622 cturam
295 3546 393 3644 ligni
418 3546 532 3624 valde
557 3535 844 3651 complicatam.
920 3561 939 3628 .’
967 3563 1001 3628 λ..’
1023 3543 1043 3628 ’ς
1145 3587 1150 3606 ¹

216 3661 382 3736 Pondus
402 3661 644 3763 specificum
678 3664 796 3740 etiarn
827 3672 849 3740 e
881 3662 996 3764 copia
1025 3673 1149 3740 mate«.

117 3771 272 3869 riarum
301 3773 465 3873 pendet,
499 3779 676 3878 quaein
708 3776 857 3854 cellulis
883 3777 1084 3878 depositae
1110 3787 1149 3848 et

119 3886 329 3965 exsiccatae
353 3903 454 3966 suut·
493 3892 624 3988 Ligna
649 3891 986 3991 ponderosissima
1010 3891 1053 3965 in
1086 3912 1147 3966 rc-

119 4001 316 4099 giooibus
335 4001 594 4087 ‚calidissimis
641 4006 902 4104 reperiuntur.
970 4004 1149 4100 <Lignum

117 4115 266 4214 hyeme
294 4139 453 4224 eperum
486 4119 641 4218 gratian
668 4144 795 4222 quam
826 4118 980 4217 lignum
1006 4131 1148 4194 aestate
