2848 4888
301 325 351 406 ΕΘ
690 321 935 404 PLAN'T'A.

398 521 447 600 In
476 517 732 598 animalibus
768 543 876 602 veroj
904 517 1102 621 ejusmodi
1142 519 1329 624 polaritas

300 635 439 720 mitem
461 633 505 710 in
528 631 829 742 perfectioribus
853 635 914 714 vix
937 637 1189 739 conspicitur.

397 751 490 823 Duo
529 746 592 822 alii
629 761 723 824 sunt
752 745 867 824 modi
898 751 1166 852 oppositionis
1197 749 1242 826 in
1266 773 1328 826 re-

301 888 394 941 rum
430 875 580 938 natura.
647 863 784 940 Primo
821 861 949 940 modo
987 864 1085 940 locis
1133 864 1328 966 oppositis

299 978 410 1057 idem
434 974 489 1064 fit,
512 974 565 1051 ita
587 999 693 1065 vero,
709 988 765 1067 ut,
782 977 814 1052 si
839 977 919 1054 hoc
944 992 1140 1078 augeatur,
1158 977 1327 1054 alterum

301 1091 448 1173 eodem
477 1090 606 1166 modo
641 1106 844 1189 augeatur,
875 1107 944 1172 aut
967 1093 999 1169 si
1023 1093 1102 1168 huc
1128 1090 1327 1169 diminua-

299 1221 374 1312 tur,
392 1204 559 1282 alterum
578 1204 724 1284 eodem
738 1205 866 1283 modo
887 1204 1143 1284 diminuatur.
1190 1207 1325 1287 Altero

275 1318 426 1397 modo
451 1316 550 1394 locis
576 1319 768 1421 oppositis
791 1319 903 1396 idem
927 1320 974 1398 fit
998 1335 1066 1398 aut
1082 1321 1326 1423 oppositum,

276 1441 281 1474 ·“
296 1436 351 1512 ita
374 1457 488 1522 vero,
523 1445 575 1511 ut·
594 1432 627 1507 si
651 1433 731 1510 hoc
756 1431 962 1542 decrescat,
988 1435 1156 1512 alterum
1179 1436 1327 1510 incres-

276 1561 360 1626 cat
391 1561 430 1626 et
452 1547 536 1622 vice
559 1570 679 1622 versa.
729 1547 809 1644 Qui
834 1537 1000 1652 quidem
1023 1549 1138 1626 modi
1164 1575 1185 1626 a
1213 1546 1326 1650 pola-

274 1664 409 1739 ritate
433 1660 574 1763 utique
599 1660 877 1760 distinguendi.
933 1663 1116 1740 Priorem
1150 1661 1325 1738 modum

295 1775 619 1908 antagonismwn
647 1799 846 1867 vocemus
894 1775 1063 1857 alterum
1111 1777 1324 1865 antithesin,

297 1891 360 1996 cui
397 1889 534 1967 tertius
550 1889 717 1978 accedit,
736 1890 933 1992 polan'tns.
992 1893 1032 1969 Si
1058 1891 1117 1982 id,
1143 1871 1291 1994 qued
1279 1913 1324 1964 m

157 2077 158 2082 ,
296 2030 338 2082 se
360 2003 561 2082 inclusum
587 2017 625 2078 et
647 2001 877 2079 involutum
903 2007 1015 2108 quasi
1041 2017 1115 2092 est,
1147 2003 1198 2080 ad
1231 2027 1324 2080 evo-

294 2118 491 2196 lutionem
526 2117 713 2223 pervenit,
749 2116 793 2190 in
832 2114 916 2197 duo
948 2103 1068 2198 latera
1099 2116 1256 2196 secedat
1278 2125 1325 2194 et

236 2228 244 2246 ‘
294 2233 422 2317 tribus
446 2229 581 2316 modis
598 2229 782 2338 expositis
799 2253 884 2307 sese
899 2230 1043 2312 habeat
1057 2256 1215 2310 necesse
1231 2246 1298 2309 est

390 2349 438 2423 In
469 2331 647 2446 partibus
676 2341 832 2444 plantae
856 2371 947 2422 vera
972 2371 1056 2424 non
1082 2341 1325 2450 conspicitur

294 2459 496 2592 puleritas,
527 2456 599 2533 sed
629 2456 773 2560 reliqui
797 2459 950 2538 modi
938 2485 984 2538 111
1006 2462 1183 2562 partibus
1207 2459 1321 2538 folia·
1351 2473 1358 2484 '

294 2575 373 2653 ceis
398 2571 634 2676 praesertim
661 2595 750 2646 non
779 2597 870 2650 raro
904 2575 1212 2678 conspiciuntur.
1272 2579 1322 2652 In

292 2687 401 2765 foliis
426 2700 494 2762 aut
516 2697 687 2790 utraque
711 2687 931 2764 extremitas
955 2701 1148 2766 attenuata
1168 2687 1322 2767 decres-

294 2800 362 2904 cit
388 2814 455 2878 aut
487 2797 590 2879 dum
623 2798 742 2876 altera
774 2801 955 2878 obtusata
989 2815 1164 2932 apparet,
1202 2801 1320 2882 altera

293 2917 336 2993 in
368 2937 538 2992 acumen
569 2897 721 2991 desiuit
786 2916 836 2990 Et
864 2940 1001 2994 ramus
1037 2916 1139 3017 ipse,
1179 2931 1321 3018 utpote

292 3028 425 3132 planta
454 3025 679 3130 peculiaris,
718 3025 860 3103 dum
848 3052 889 3104 m
929 3026 1047 3106 altera
1081 3032 1321 3109 extremitate

292 3143 438 3223 florem
461 3139 686 3218 fructumve
707 3140 861 3242 profert
884 3142 1063 3222 secundo
1095 3145 1269 3223 modo
1258 3171 1318 3222 111-

294 3267 535 3364 crescentem
560 3277 645 3363 sese
667 3254 834 3334 exhibet.

295 3475 368 3588 15.
428 3469 634 3564 Plantae
664 3475 869 3564 mnnbrz's
899 3471 1158 3592 praeditae
1189 3448 1319 3578 sunt,

354 3640 445 3705 seu
479 3611 707 3772 partibus
750 3641 780 3704 a
821 3613 1027 3734 reliquis
1073 3612 1318 3706 distinctis

302 3764 406 3844 et
435 3750 661 3877 propria
673 3749 946 3845 functione
967 3754 1256 3870 insignibus

320 3940 601 4040 crystallus
626 3965 720 4018 cum
746 3955 830 4018 orta
856 3955 922 4031 est,
947 3943 1121 4018 moritur
1145 3956 1183 4019 et
1206 3966 1317 4018 mor

290 3995 359 4131 tua
398 4053 585 4157 persistit,
625 4054 745 4131 nullis
781 4055 901 4154 igitur
930 4056 1123 4132 membris
1156 4070 1195 4133 et
1224 4053 1314 4132 sun-

290 4168 489 4248 ctionibus
513 4182 615 4269 eget,
639 4183 686 4246 ut
708 4169 828 4248 vitam
853 4185 1065 4248 conservet.
