2840 4878
435 345 438 353 “
534 384 797 488 usum„
1072 381 1145 462 coa
1240 339 1244 343 ’

217 588 513 664 lucrementum
538 587 582 662 in
607 581 801 664 omnibus
822 581 1056 684 corporibus
1081 607 1145 662 or-

118 700 269 799 ganicis
300 699 347 777 fit
375 701 604 780 extensione
635 698 821 778 omnium
851 696 1042 799 partium,
1071 720 1146 774 nec

118 839 205 890 non
239 815 354 892 novis
384 817 563 918 partibus
592 815 696 890 inter
720 811 872 890 adultas
895 833 1147 914 procrescen-

108 928 239 1005 tibus,
296 928 361 1006 Sic
392 953 477 1006 non
501 927 635 1005 solum
661 927 823 1036 cellulae
848 940 886 1002 et
909 949 997 1000 vasa
1020 925 1063 1000 in
1087 921 1148 1022 ju·

118 1043 307 1120 uioribus
341 1042 485 1145 plantis
520 1042 689 1118 minoris
725 1053 819 1118 sunt
850 1039 1046 1127 diametri,
1075 1036 1148 1114 sed

117 1181 251 1234 novae
275 1181 439 1260 qnoque
463 1156 626 1233 cellulae
648 1156 752 1232 inter
776 1154 928 1232 adultas
953 1153 1147 1240 oriuntur,

116 1271 178 1346 uti
212 1295 316 1346 nova
348 1295 435 1346 vasa
465 1269 569 1346 inter
601 1269 744 1346 adulta.
801 1269 888 1346 Tali
911 1265 1039 1345 modo
1064 1290 1147 1344 men

116 1383 387 1484 tamo1phosis
411 1406 496 1460 non
521 1382 577 1458 fit

210 1499 278 1573 vDe
308 1494 462 1574 radiato
494 1496 591 1596 ligni
622 1495 869 1574 incremento
908 1493 988 1596 jam
1029 1521 1148 1597 supra
1188 1537 1206 1558 κ

118 1609 274 1688 dictum
322 1622 382 1686 est
430 1609 537 1708 (72).
611 1612 903 1710 Pr0senchyma
951 1623 1019 1686 aut
1058 1635 1148 1685 vasa

116 1722 270 1802 fibrosa
295 1723 415 1825 (quae
440 1723 491 1800 ad
514 1726 802 1825 proseuchyma
827 1724 1040 1828 pertinent)
1064 1749 1149 1800 ver-

118 1863 188 1914 sus
213 1836 480 1940 peripheriam
505 1853 745 1926 excrescunt,
772 1837 1063 1939 procrescendo
1088 1839 1149 1936 in-

117 1951 284 2028 terstitia
320 1950 569 2051 relinquunt,
605 1953 908 2053 parenchymate
947 1951 1147 2052 replenda.

117 2070 224 2144 Vasa
248 2064 396 2141 fibrosa
421 2077 489 2140 aut
504 2066 793 2165 prosenchyma
809 2065 943 2142 radios
963 2064 1148 2154 formant,

58 2238 61 2247 .
118 2205 193 2256 seu
224 2180 347 2254 lineas
386 2177 645 2256 obscun‘oces.
712 2179 829 2258 Radii
863 2181 907 2255 in
944 2193 1148 2282 segmento

117 2290 400 2392 longitudinali
425 2316 528 2392 opus
551 2293 802 2370 reticulatum
828 2291 1015 2370 efficiunt
1085 2345 1089 2354 -

172 2463 175 2471 .
217 2407 261 2482 ln
284 2405 499 2486 biennibus
523 2422 592 2484 aut
613 2407 855 2510 perennibus
879 2431 1032 2484 novum
1049 2419 1148 2485 stra⁴

117 2534 208 2598 tum
234 2521 378 2609 oritur,
402 2520 505 2596 inter
528 2522 683 2621 lignum
707 2535 747 2599 et
771 2520 959 2598 corticem
984 2521 1148 2598 exterio*

118 2659 217 2711 rem.
282 2639 545 2713 Procnescunt
590 2635 691 2712 radii
733 2661 757 2713 e
797 2637 906 2735 ligno
949 2649 1146 2725 exeuntes·

119 2773 231 2825 aneas
262 2760 309 2822 ut
339 2748 382 2822 in
411 2749 502 2850 ipso
525 2750 634 2847 ligno
659 2747 906 2851 relinquunt,
931 2750 1148 2851 perenchy·

117 2875 228 2940 mate
250 2858 477 2961 replendas.
502 2878 541 2939 et
565 2861 833 2940 combinando
860 2887 976 2964 saepe
999 2861 1147 2962 figuras

118 2976 247 3052 vaiias
280 2972 509 3064 efformant,
541 2991 587 3055 ut
617 2977 779 3053 initium
811 2977 906 3054 retis
935 2989 974 3052 et
996 2976 1039 3051 in
1064 2997 1149 3076 seg-

117 3103 260 3166 mento
288 3089 532 3166 transversali
560 3090 832 3192 conspiciatur.
870 3094 915 3168 V.
937 3093 1030 3166 M
1047 3089 1073 3166 f.
1089 3093 1147 3167 to.

117 3216 372 3300 segmentum
404 3201 693 3301 longitudinale
723 3230 745 3281 e
768 3202 901 3280 radice
924 3205 1037 3282 Ecbii
1062 3205 1148 3282 tul-

117 3317 239 3413 garis,
263 3317 529 3417 pacencliyma
554 3319 693 3396 sistens
719 3341 847 3408 areae,
873 3342 964 3394 mm
981 3343 1148 3420 prosen-

117 3430 300 3528 chymate
330 3430 381 3506 ad
418 3430 611 3510 alineam
636 3433 848 3510 obscuram
873 3433 1151 3524 constituente.»

115 3545 219 3623 Va'sa
243 3543 401 3646 spicalia
424 3545 467 3620 in
492 3545 617 3622 hocce
641 3561 761 3624 strato
787 3573 872 3624 non
896 3547 1039 3625 inveni.

217 3659 466 3757 Singularem
481 3659 719 3762 hypothesin
737 3660 787 3738 de
803 3663 883 3740 hoc
898 3662 1149 3738 incremento

117 3771 284 3870 protulit
307 3773 530 3849 Dutrocliet
553 3774 755 3872 (Memoic.
782 3773 819 3852 d.
835 3783 1022 3855 Museum
1048 3780 1092 3850 Τ.
1110 3778 1143 3850 7.

119 3912 156 3987 pt.
178 3886 297 3983 393).
346 3888 507 3987 Figurae
534 3911 555 3963 e
579 3887 693 3964 lineis
724 3889 1021 3966 obscunoribus
1036 3899 1145 3963 ortas

118 4023 194 4098 pro
218 3999 682 4104 partibuspeculieiibus
707 4001 846 4090 habet,
877 4001 1143 4103 productione

88 4111 165 4204 'in
185 4111 322 4191 medio
356 4127 443 4192 orta
475 4112 740 4218 (production
763 4115 972 4212 mediano)
997 4137 1141 4214 augen-
