2848 4888
533 359 783 438 stanna.
891 437 898 464 „
1123 361 1172 436 ιι

147 581 231 636 non
262 555 441 661 quidem:
457 559 502 634 in
516 555 646 688 ¹ipsis,
673 553 836 634 sed-sin·
854 555 938 634 aliis
967 555 1109 658 plantis
1135 572 1174 636 et

137 670 313 775 vquidem
337 672 505 750 almum
528 671 751 774 specierum
774 669 962 774 probata,
987 669 1038 748 ad
1062 672 1172 750 idem

146 810 272 886 genus
295 787 492 890 pertinere
516 783 730 864 videntur:
827 827 830 834 ·
926 853 930 862 ,

149 967 153 976 ,
243 902 509 978 inconstantia
541 913 580 978 et
609 899 693 978 vice
726 921 834 976 versa
859 899 1075 976 constantia
1100 923 1172 980 no·

146 1027 302 1107 tarum·
312 1015 455 1118 speciei
479 1016 521 1091 in
543 1013 723 1116 {dantis
712 1015 823 1115 ipsis,
848 1012 976 1092 hinc
960 1039 1008 1090 ,ιιι
1034 1013 1173 1094 eadem
1272 1047 1274 1057 ι

145 1128 370 1230 plantarum
402 1129 503 1208 secie
531 1128 747 1231 probatur,¹
772 1128 1033 1206 inconstantia
1077 1153 1172 1210 vero

148 1245 294 1324 et.vice
318 1268 426 1322 versa
451 1235 670 1322 constantia
694 1257 892 1322 notarum⁴
906 1241 1060 1340 generis
1089 1263 1174 1344 non

147 1357 313 1459 quidem
345 1356 388 1432 in
419 1357 562 1458 plantis
592 1357 690 1459 ipsis
712 1358 934 1460 eademque
957 1357 1175 1454 generatio·
1316 1367 1319 1376 '

146 1494 247 1549 num
271 1471 381 1558 serie,
406 1470 476 1550 sed
500 1471 543 1551 iu
568 1471 820 1574 aliisplantis
844 1472 868 1550 i.
890 1495 922 1548 a
946 1469 989 1546 in
1003 1484 1093 1548 toto
1110 1495 1175 1570 ge-

146 1586 401 1662 nerationum
426 1585 638 1687 complexu
661 1587 863 1687 probatur.
996 1637 1001 1646 ·

243 1704 348 1778 Haec
380 1700 545 1802 quidem
578 1700 732 1798 generis
747 1735 752 1754 ι
768 1699 948 1780 definitio
975 1725 996 1778 a
1021 1711 1175 1800 recepta

148 1812 262 1892 valde
288 1814 499 1903 abhorret,
522 1803 566 1894 et'
584 1813 700 1915 quod
723 1838 807 1891 non
829 1815 1076 1912 negabimus,
1101 1812 1177 1893 dif-

149 1927 325 2006 ficillime
350 1927 401 2004 ad
425 1939 607 2008 naturam
631 1926 856 2028 applicatur.
903 1929 1178 2013 Necessan'um

148 2067 243 2120 vero
277 2066 363 2119 non
393 2041 527 2120 solum
560 2056 634 2130 est,
666 2055 712 2118 ut
744 2055 847 2120 certa
879 2055 918 2118 et
941 2041 1105 2121 definita
1129 2043 1178 2123 sit

149 2156 303 2255 generis
328 2156 460 2243 notio,
494 2154 565 2232 sed
590 2179 755 2256 quoque
779 2170 826 2232 ut
850 2155 998 2256 speciei
1018 2156 1176 2236 notioni

149 2268 403 2372 respondeat,
452 2293 526 2346 nec
563 2267 672 2344 aliud
709 2269 931 2371 quidquam
966 2268 1082 2371 plane
1120 2270 1179 2348 di·

148 2410 309 2462 versum
345 2382 505 2462 indicet
561 2387 666 2462 Nam
698 2383 832 2480 generi
862 2381 1025 2477 nomen]
1045 2387 1177 2488 impo-

150 2501 285 2584 nimus
309 2522 524 2586 sonorum,
548 2497 763 2600 ipsumque
788 2498 1087 2588 substantivum,
1113 2501 1177 2576 cui

151 2637 303 2690 nomen
348 2613 491 2716 speciei
537 2608 790 2710 adjungimus
831 2609 1069 2716 plerumque
1111 2613 1178 2690 ad-

151 2728 347 2829 jectivum.

248 2837 312 2918 Ad
342 2837 453 2916 idem
494 2862 618 2938 genus
657 2837 837 2916 referunt
871 2837 1052 2941 plantis,
1076 2845 1179 2943 quae

153 2953 457 3036 fructificatione
481 2954 505 3030 i.
531 2953 688 3034 sssore
714 2968 752 3030 et
775 2953 909 3033 fructu
928 2956 1179 3044 conveniunt,
1226 2967 1230 2974 '

155 3071 206 3148 ad
232 3070 385 3151 diversa
410 3091 571 3166 genera,
595 3090 699 3169 quae
723 3068 831 3153 hisce
855 3065 1055 3145 differunt.
1103 3072 1180 3160 Ray

152 3186 305 3266 tionem
332 3180 500 3270 addunt,
527 3180 640 3283 quod
663 3179 913 3260 fructificatio
938 3183 1070 3260 multo
1097 3211 1181 3264 ma·

153 3299 211 3398 gis
248 3311 470 3375 constantes
506 3297 692 3399 praebeat
726 3309 840 3372 notas
877 3321 1000 3398 quam
1046 3299 1181 3380 herba.

152 3417 203 3492 At
226 3437 311 3492 non
337 3435 479 3492 omnes
504 3435 526 3486 e
550 3408 853 3491 fmctificatione
879 3409 1082 3496 desumtae
1108 3439 1180 3492 no·

153 3541 215 3606 tae
230 3527 357 3626 magis
374 3539 596 3610 constantes
612 3539 714 3614 sunt
738 3547 858 3627 quam
869 3552 980 3627 ¹qnae
997 3527 1040 3603 in
1056 3527 1180 3616 herba

155 3656 352 3743 apparent.
405 3642 468 3718 An
496 3636 644 3718 folium
673 3639 898 3738 vaginatum
927 3641 996 3730 sit,
1020 3663 1179 3730 necne,

153 3755 283 3856 molto
325 3755 449 3854 magis
480 3768 662 3842 constans
694 3769 752 3832 est
788 3753 1015 3846 discrimen,
1052 3781 1181 3886 fluam

156 3844 296 3969 qnod
285 3884 389 3948 inter
411 3869 587 3971 petalum
603 3883 809 3947 crenatum
826 3882 874 3948 et
881 3869 1180 3967 integenimum
1295 3879 1298 3890 “

158 3983 318 4072 obtinet.
344 3984 555 4064 seminum
570 3980 701 4063 forma
716 3984 808 4086 plus
820 3982 871 4066 ad
884 3984 1031 4086 species
1044 3981 1181 4064 distin·

157 4097 349 4196 goeodas,
368 4123 491 4201 quarn
515 4095 568 4186 ad
587 4117 732 4196 3enera
756 4095 989 4214 separntda
996 4097 1176 4190 context
