2836 4878
243 370 326 448 324Ι
614 357 905 442 FRUCTUS.

247 567 423 646 enervis
447 563 622 642 valvulae
648 563 835 641 collectus
860 574 936 650 est,
959 557 1096 637 medio
1122 560 1180 660 (si
1206 559 1275 638 ad-

246 683 325 781 est)
352 696 419 760 aut
441 679 586 757 mediis
612 691 651 756 ct
674 677 898 755 lateralibus
922 674 1074 774 junctis.

248 963 347 1054 183.
411 955 604 1052 Caritas
645 953 828 1076 peridii
849 969 853 978 '
875 955 1068 1045 semina
1117 955 1274 1060 conti-

304 1113 395 1206 net
447 1125 596 1215 saepe
648 1099 961 1215 dissepznwntz's
1012 1095 1068 1184 in
1112 1100 1275 1188 locula-

305 1257 452 1331 menta
492 1236 664 1338 divisa,
702 1250 789 1328 aut
828 1235 992 1326 rarius
1039 1242 1173 1352 septis
1219 1237 1276 1326 in

306 1383 484 1472 loculos.

343 1583 631 1688 Dissepimenta
666 1580 782 1658 variis
818 1603 902 1656 sese
945 1577 1094 1654 habent
1128 1575 1274 1659 modis.

246 1705 293 1780 ln
318 1701 375 1786 iis,
401 1725 502 1802 quae
528 1695 706 1778 amedia
731 1693 883 1770 valona
908 1693 1102 1780 oriuntur,
1132 1708 1274 1770 ventra-

247 1818 301 1894 lia
334 1813 451 1901 dicta,
486 1812 621 1913 diploii
653 1808 795 1912 peridii
825 1807 950 1905 magis
973 1807 1158 1882 minusve
1180 1833 1276 1908 pro-

249 1928 401 2016 crescit,
425 1927 657 2002 membrana
681 1925 821 2000 intima
846 1921 973 2024 ipsam
997 1922 1185 2022 utrinque
1214 1921 1277 1996 in-

235 2043 452 2128 ,vestiente‚
491 2054 530 2116 ct
565 2038 615 2115 ad
654 2063 765 2117 axem
796 2034 947 2112 fructus
983 2059 1113 2136 usque
1150 2037 1278 2112 conti-

248 2169 377 2232 nuata.
440 2153 579 2230 Simili.
599 2152 727 2230 modo
760 2152 961 2238 oriuntur,
992 2173 1094 2250 quae
1125 2175 1280 2226 amar-

249 2269 406 2368 ginibus
441 2268 686 2346 valvularum
717 2263 934 2341 introflexis
966 2277 1051 2340 orta
1078 2263 1279 2354 dicuntur,

250 2397 288 2461 et
322 2379 549 2477 marginalia
582 2380 712 2456 vocari
744 2390 921 2479 possunt
978 2376 1099 2454 Adest
1128 2402 1289 2480 nempe

251 2493 385 2594 diploe
409 2493 639 2568 tenuissima
663 2495 706 2568 in
730 2491 896 2592 peridio,
922 2513 1023 2591 quae
1039 2491 1286 2583 tenuissimo

250 2629 414 2708 quoque
438 2618 558 2682 strato
583 2606 686 2681 inter
710 2604 809 2680 duas
833 2604 998 2683 laminas
1017 2605 1276 2696 membranae

250 2720 412 2798 intimae
443 2720 714 2806 continuatur,
750 2719 805 2794 ita
836 2732 884 2794 ut
913 2718 988 2795 levi
1025 2719 1276 2819 inspectione

249 2832 446 2931 margines
471 2832 667 2912 introllcxi
692 2831 908 2908 videantur.
959 2832 1081 2926 Quod
1107 2833 1276 2934 quidem

250 2947 400 3048 optime
423 2945 521 3022 vidit
543 2944 714 3024 Richard
741 2947 828 3044 (An.
856 2945 892 3021 d.
916 2944 962 3020 fr.
981 2973 1015 3046 p.
1034 2946 1107 3043 16.)
1134 2973 1277 3050 quam-

250 3086 372 3161 quam
403 3083 487 3137 non
522 3059 777 3160 descripserit
837 3063 939 3134 Sunt
962 3083 1127 3162 quoque
1152 3062 1275 3143 disse-

247 3175 423 3276 pimenta
454 3174 749 3261 intervalvacea,
780 3174 883 3248 inter
913 3171 996 3249 duo
1021 3176 1274 3277 sporophora

250 3300 419 3374 extensa,
452 3311 536 3362 non
567 3286 701 3362 minus
726 3309 756 3371 ¹e
790 3284 1030 3386 sporophori
1057 3286 1274 3389 diplolite-

248 3399 438 3476 nuissima
470 3398 715 3500 lamellisque
746 3397 901 3476 duabus
925 3401 1188 3488 ¹membranae
1211 3403 1275 3478 in-

248 3514 367 3589 timae
407 3526 535 3601 enata,
576 3510 801 3610 cujusmodi
843 3511 990 3588 habent
1038 3513 1273 3592 Cruciserae.

250 3623 513 3728 continuatur
544 3626 776 3701 membrana
808 3625 946 3702 intima
980 3652 1065 3704 non
1091 3628 1223 3706 solum
1249 3653 1272 3704 a

248 3735 430 3812 lateribus
467 3760 601 3814 versus
636 3736 892 3818 columellam
930 3753 997 3816 aut
1035 3765 1161 3830 axem,
1199 3740 1273 3818 sed

247 3873 410 3951 quoque
443 3875 464 3926 a
495 3851 580 3964 basi
613 3866 680 3957 aut
711 3851 1017 3953 simpliciterne
1048 3856 1091 3930 in
1122 3855 1268 3942 multis,

246 3979 314 4040 aut
346 3961 509 4064 diploin
543 3965 776 4043 columellae
808 3964 1082 4068 amplectendo
1110 3969 1270 4070 (Capsi-

245 4099 356 4165 cum,
391 4077 652 4176 Solanaceae)
690 4093 758 4156 aut
794 4080 1049 4159 columellam
1085 4082 1126 4157 in
1169 4081 1269 4158 duas
