2852 4872
561 385 751 470 roms
1094 390 1176 502 eos

146 593 347 682 distantes,
378 593 433 672 ita
465 595 737 672 utinterstitia
761 593 931 673 maxime
956 592 1169 693 conspicua

145 709 235 795 sint,
261 707 450 808 peculiari
476 733 591 812 saepe
615 709 749 787 colore
765 708 927 784 imbuta.
966 707 1170 782 Observa*

143 823 321 898 tionibus
348 847 477 925 saepe
513 826 687 926 repetitis
724 809 888 900 edoctus
924 845 1032 907 sum,
1073 820 1171 896 haee

143 937 349 1013 interstitia
381 961 466 1012 non
500 961 583 1014 esse
613 961 701 1014 vasa
733 935 1071 1040 peculiariavinter
1096 933 1171 1010 cel*

144 1051 245 1126 lulas
276 1053 468 1153 repentia,
499 1075 572 1126 nec
605 1075 687 1126 esse
719 1075 813 1126 cum
844 1049 950 1126 toliis
976 1048 1172 1124 seminali-

143 1165 220 1242 bus
258 1191 329 1242 seu
359 1163 609 1266 paraphylliis
634 1169 868 1242 Mustorum
894 1163 1170 1266 comparanda.

143 1282 191 1356 In
232 1280 417 1355 bracteis
444 1281 698 1381 praesertim*
722 1279 901 1356 scariosis
939 1279 1171 1367 Iridearum,

143 1395 419 1469 Narcissorum
458 1409 526 1471 etc.
564 1394 736 1473 similem
773 1393 891 1470 video
921 1395 1171 1470 structuram
1253 1475 1257 1490 Ι

145 1505 223 1584 Cfr
259 1507 524 1606 llornschuch
561 1513 608 1584 N
645 1512 727 1586 Act
758 1507 875 1584 Acad.
907 1512 991 1584 Nat.
1018 1509 1171 1584 Curios.

144 1627 188 1696 T.
227 1625 284 1696 10.
324 1649 358 1722 p
397 1627 479 1698 515.
544 1625 605 1698 De
644 1621 896 1760 paraphylliis
926 1628 1171 1763 Muccurum

143 1762 177 1811 v
176 1735 284 1810 ’.113

240 1850 374 1926 Nervi
383 1856 617 1926 Muscorum
643 1873 665 1924 e
688 1849 789 1955 vasis
805 1847 964 1930 fibrosis
982 1863 1170 1925 constant

146 1970 271 2066 Saepe
304 1964 354 2040 a'd
387 1965 539 2066 apicem
568 1955 656 2039 folii
687 1988 774 2038 non
804 1978 1030 2050 excurrunt,
1052 1987 1173 2063 saepe

144 2105 239 2155 vero
277 2079 377 2154 duo·
399 2079 509 2154 nervi
541 2077 699 2164 adsunt,
738 2075 852 2178 quod
886 2077 932 2150 in
953 2076 1066 2152 nullo
1093 2078 1170 2154 alio

143 2193 243 2270 folio
269 2192 356 2268 fieri
383 2193 491 2269 solet.
541 2191 652 2268 Folia
678 2196 912 2268 Musconum
945 2215 1171 2292 numquam

146 2309 380 2410 composita,
418 2331 492 2381 nec
528 2305 668 2407 partita
709 2318 817 2393 sunt,
859 2306 912 2380 ob
954 2327 1172 2442 nervorum

144 2421 365 2498 lateralium
391 2417 601 2495 desectum.
916 2487 918 2496 ,
1163 2449 1167 2456 ·

240 2535 518 2636 Hepaticarum
550 2532 647 2610 folia
678 2533 917 2635 plerumque
950 2534 1081 2610 nervis
1111 2559 1172 2610 ca
1206 2563 1208 2574 ⁴

143 2665 249 2738 rent,
281 2663 322 2724 at
349 2647 462 2724 frons
491 2647 602 2724 hisce
634 2648 821 2723 instructa
849 2661 914 2722 est
963 2647 1174 2724 l‘rondife

144 2791 210 2841 rae
235 2763 421 2866 pyxidem
446 2760 720 2861 gemmiferam
744 2761 893 2838 habent
912 2762 1066 2872 (114)

145 2977 246 3064 123.
315 2975 583 3090 Paruphyll
564 3005 611 3060 za
658 2982 775 3058 sunt
821 2982 1002 3088 partes
1036 2905 1172 3060 soliu-

207 3135 343 3214 ceae,
401 3125 686 3200 structura
684 3108 835 3198 soliis
884 3103 1173 3212 simillimae,

202 3279 367 3374 prope
399 3252 507 3370 ipsa
556 3251 749 3370 positae
804 3261 853 3337 et
906 3247 1023 3386 ante
1065 3233 1174 3369 ipsa

207 3395 445 3484 evolutae.
492 3463 506 3472 a
998 3385 1000 3392 ’

239 3565 301 3644 Ad
331 3561 572 3668 paraphyllia
603 3561 835 3664 praesertim
871 3561 1071 3662 pertinent
1108 3561 1174 3637 sti·

140 3685 255 3783 palae
284 3706 357 3756 seu
388 3693 516 3782 partes
547 3675 734 3753 foliaceae
765 3675 870 3774 juxta
889 3673 998 3750 ¹folia
1017 3674 1173 3776 positae

142 3795 207 3870 his
232 3795 463 3881 simillimae,
490 3807 528 3867 at
544 3792 783 3892 plerumque
798 3791 985 3864 minores.
1006 3821 1008 3824 ·
1027 3794 1173 3863 Forma

144 3909 250 3984 varia
274 3923 381 3994 sunt,
412 3908 473 3982 uti
497 3904 611 3993 folia,
644 3905 770 3980 raritas
785 3905 952 4006 partita,
976 3902 1038 3976 rix
1063 3925 1173 3976 com·

144 4024 282 4125 posita,
306 4019 463 4124 petiolis
487 4020 727 4122 plerumque
753 4017 930 4092 carentia.
981 4015 1175 4091 Constant

146 4163 168 4216 e
193 4137 323 4214 nervis
348 4151 386 4214 et
411 4135 673 4234 diachyruate‚
698 4135 892 4210 structura
919 4153 940 4206 a
964 4127 1070 4205 soliis
1088 4151 1172 4290 nup
