2848 4888
529 375 746 454 ronna.
1091 359 1163 456 'oa'

124 577 184 650 Et'
207 589 389 650 constans
418 575 489 650 ista
506 559 684 651 'variatio
708 589 775 652 aut
793 573 957 652 ¹aliunde
981 590 1049 652 aut
1071 593 1157 679 per·

125 713 168 763 se
194 688 450 765 determinata
477 689 655 768 occurrit
725 757 729 762 .

222 803 395 880 Relative
431 829 520 904 pars
557 803 793 880 diminuitur
828 815 895 879 aut
926 801 1078 891 deficit,
1110 807 1143 882 si

125 914 200 993 alia
241 943 345 1018 pars,
385 916 526 994 aliaeve
562 931 690 1018 partes
723 915 842 992 simul
874 931 1067 1013 augentur
1107 929 1146 994 et

123 1029 447 1132 multiplicantur.
497 1037 610 1107 Tunc
635 1044 786 1130 partem
811 1030 1064 1134 absorptione
1087 1032 1145 1108 di-

123 1145 324 1221 minutam
349 1159 415 1221 aut
446 1143 694 1220 deficientem
726 1143 904 1220 dicimus.
952 1150 1039 1222 Hoc
1063 1169 1147 1223 non

123 1259 263 1334 minus
295 1267 368 1335 'aut
398 1259 589 1333 constanti
622 1263 689 1334 aut
721 1258 883 1334 varianti
907 1259 1033 1335 modo
1059 1257 1145 1336 fieri

123 1370 318 1446 videmus.
381 1359 444 1464 Sic
479 1371 522 1447 in
560 1372 735 1472 Opuntia
757 1371 989 1472 'explanatio
1026 1372 1146 1448 caulis

125 1511 222 1560 cum
257 1484 450 1560 foliorum
488 1484 742 1587 absorptione
785 1486 977 1562 constanti
1017 1485 1145 1562 modo

125 1598 336 1696 conjuncta
362 1613 428 1674 est.

222 1710 430 1789 Interdum
456 1737 618 1814 quoque
633 1737 722 1814 pars
740 1736 787 1789 eo
805 1711 893 1814 ipso
911 1711 1148 1791 diminuitur

125 1826 244 1928 quod
279 1826 534 1926 multiplicata
572 1827 635 1914 sit,
677 1840 715 1901 et
752 1827 863 1928 quasi
904 1827 946 1903 in
982 1851 1026 1904 se
1061 1828 1146 1928 ipsa

126 1943 260 2040 reagit

123 2138 198 2235 41.
263 2139 489 2232 Partium
521 2153 569 2229 et
600 2139 722 2230 hinc
753 2139 1039 2258 plantarum
1069 2171 1145 2232 va-

89 2311 92 2316 ·
133 2331 137 2336 ·
173 2280 336 2371 Τὶἢῐίο
385 2281 440 2368 in
492 2283 725 2368 dimotzbne
783 2293 831 2368 et
887 2269 1144 2381 admotione,

134 2441 138 2448 '
188 2448 287 2509 nec
318 2419 512 2509 nonin
544 2423 773 2540 coolz‘tz‘one
794 2429 844 2507 et
863 2425 1144 2538 separatione

188 2559 352 2680 posita
384 2571 466 2648 est.

225 2738 357 2808 Partes
388 2729 633 2812 verticillatae
664 2731 706 2807 in
740 2730 823 2807 aliis
851 2729 993 2832 plantis
1018 2757 1145 2834 oppo-

128 2847 225 2922 sitae
262 2859 330 2920 aut
365 2843 534 2920 alternae
570 2845 875 2946 conspiciuntur,
947 2846 1010 2920 Sic
1050 2845 1146 2921 folia

126 2960 324 3060 babemus
349 2956 504 3043 abemu,
530 2960 719 3058 opposita,
742 2955 982 3045 verticillata,
1008 2957 1067 3032 sic'
1085 2963 1146 3034 ra-

126 3099 220 3150 mos
243 3071 388 3150 eodem
403 3069 530 3146 modo
548 3071 726 3158 alternos,
751 3069 966 3170 oppositos,
982 3069 1146 3147 verticil-

126 3190 238 3276 latos,
263 3185 333 3263 sed
358 3209 441 3261 non
466 3193 631 3286 semper·
641 3183 941 3284 cum=foliorum
957 3183 1036 3262 situ
1052 3187 1146 3262 coir·

127 3314 322 3403 gruentes.
730 3357 734 3368 .
843 3359 848 3368 ,
1149 3331 1151 3339 ·

135 3475 141 3495 2
224 3412 407 3493 Umbella
443 3426 502 3488 est
536 3411 717 3512 panicula
757 3407 925 3492 floribus
966 3409 1147 3499 admotis,

128 3529 244 3632 sicuti
267 3527 356 3604 llos*
370 3541 595 3626 aggregatus
621 3527 726 3631 spica
750 3525 918 3602 floribus
943 3525 1123 3600 admotis.
1242 3578 1244 3586 1

207 3639 439 3734 ‘Amentum
481 3641 539 3716 est
576 3640 662 3718 flos.
696 3639 941 3742 compositus
980 3637 1150 3716 floribus·

128 3755 300 3834 dimotis.
401 3799 404 3806 ’
966 3811 969 3820 .
1003 3811 1006 3820 .

226 3873 330 3948 Cum
373 3868 541 3945 dimotio
575 3883 614 3945 et
644 3868 822 3946 admotio
854 3866 1027 3970 partium
1051 3865 1149 3942 rela-

127 3985 206 4064 tire
229 3999 382 4060 tantum
408 3983 596 4069 dicantur,
621 4007 666 4057 ex
692 3981 891 4058 adfinibus
914 3980 1057 4084 plantis
1081 3977 1149 4054 de-

127 4086 423 4178 terminandum
446 4111 515 4190 cst.
540 4107 591 4172 'an
612 4109 741 4198 partes
758 4094 942 4193 admotae
958 4090 1151 4193 dicendae
