2840 4878
560 343 765 418 ltaulxa
1110 347 1181 420 11⁹

149 542 326 643 implexi,
358 540 551 642 implicati
579 554 617 616 et
650 538 978 639 contortuplicati.
1053 539 1178 620 Radix

149 657 297 754 integra
322 654 560 757 plerumque
584 653 776 730 flexuram
800 651 892 729 facit
915 655 959 728 in
984 651 1078 742 basi,
1104 656 1176 734 ubi
1208 701 1211 721 ·

147 781 292 844 terram
316 770 444 844 intrat.
493 767 601 846 Aliae
624 769 768 866 magis,⁸
786 766 882 843 aliae
906 767 1042 844 minus
1057 793 1177 870 pene·-

147 897 251 964 trant
275 897 430 958 terram.
1171 879 1179 890 ’

242 1001 289 1072 In
314 995 402 1072 solo
428 1021 517 1071 raro
542 995 667 1093 magis
692 1009 819 1072 rectae
837 1008 931 1072 suut
945 992 1110 1082 radices,
1132 993 1175 1070 in

146 1108 332 1185 densiore
355 1108 480 1206 magis
504 1107 727 1183 flectuntur.
775 1105 843 1185 Ad
864 1107 1065 1184 obstaorla
1088 1133 1181 1204 sur-v

144 1247 237 1298 sum
271 1235 310 1298 et
340 1221 402 1296 his
427 1221 619 1321 superatis
644 1245 782 1296 rursus
808 1220 999 1297 deorsum
1025 1220 1174 1307 crescit,

141 1336 202 1413 uti
233 1334 313 1433 jam
346 1335 565 1432 observavit
597 1333 726 1410 Krallt
755 1336 824 1432 (N
851 1336 1077 1410 Comment.
1101 1337 1173 1409 Pe-

140 1463 243 1550 trop.
269 1451 325 1522 11.
350 1473 386 1548 p.
413 1448 529 1543 147..)

140 1599 212 1690 76.
274 1577 491 1688 Radix
476 1629 532 1689 1n
573 1599 841 1691 arboribus
889 1613 939 1688 et
983 1597 1168 1714 lautici-

200 1739 297 1827 bus
334 1737 534 1852 lignosis
578 1767 696 1830 cum
739 1739 878 1829 caule
923 1737 1169 1862 increscit,

202 1878 258 1967 in
294 1877 605 1994 perennibus
651 1877 1017 1991 longitudinem
1058 1905 1168 1968 cau-

202 2016 261 2105 lis
315 2043 464 2134 saepe
525 2017 747 2106 crassitie
803 2029 853 2116 et
904 2029 1168 2105 ramorum

199 2151 600 2244 radicularumve
655 2156 802 2274 copia
862 2167 1169 2273 compensat

197 2291 254 2383 in
290 2294 469 2384 annuis
509 2307 558 2385 et
598 2293 901 2384 succulentis
950 2323 979 2382 a
1025 2293 1164 2382 caule

199 2417 484 2552 superatum
514 2437 767 2554 magnitudo
799 2431 923 2522 hinc
954 2433 1100 2524 varia.

232 2585 293 2662 Ab
325 2585 497 2686 antiquis
535 2584 693 2685 jamjam
731 2587 980 2687 temporibus
1017 2593 1193 2662 notum¹

137 2712 196 2775 est
225 2696 402 2774 radicem
426 2711 580 2778 tantum
606 2700 742 2776 subter
766 2713 913 2776 terram
936 2699 1162 2786 increscere,

137 2825 333 2913 quantum
351 2811 471 2888 caulis
489 2838 606 2915 supra
621 2827 777 2900 terram,
803 2826 885 2896 tam
901 2812 1162 2910 longitudine,

118 2949 260 3028 .quam
293 2926 505 3004 crassitie.
527 2925 688 3006 Radix
677 2939 828 3024 integra
852 2926 972 3004 ramis
998 2951 1168 3056 quoque

136 3051 311 3137 augetur,
336 3041 556 3140 composita
580 3037 768 3174 radiculis
792 3052 947 3118 turtum
972 3039 1169 3127 increscit,

133 3167 181 3232 ut
203 3154 247 3228 in
271 3152 426 3229 Palmis

145 3321 148 3330 ·
229 3269 290 3348 ln
303 3289 351 3343 eo
377 3265 513 3354 latere
537 3267 609 3344 ubi
638 3267 756 3343 arbor
782 3223 948 3368 optime
958 3243 1076 3374 vigea,
1100 3293 1169 3354 ra.

134 3379 240 3460 dices
272 3404 438 3483 quoqne
467 3381 686 3462 increscere
718 3378 776 3458 du
806 3381 951 3462 Hamel
977 3362 1164 3484 adfirmat,

133 3493 832 3592 (ΡὴγεωᾱειιῢνῐιΙΟόΑΗΙ)
876 3477 1173 3583 Atnansama,

131 3607 289 3712 perid
301 3606 394 3688 fi'eri
430 3608 619 3710 Sprengel
649 3621 791 3688 monet
820 3609 877 3704 (v
909 3608 1056 3704 Baud
1083 3613 1163 3692 Ge<

132 3722 294 3810 withso.
320 3749 357 3824 p
382 3724 497 3821 386..)
990 3785 994 3800 .

227 3834 291 3912 Ad
323 3832 456 3914 solum
488 3859 652 3942 quoque
676 3832 971 3946 respiciendum
996 3797 1062 3914 est
1109 3837 1158 3920 In

132 3945 220 4028 solo
245 3945 363 4028 fertili
384 3950 498 4030 radix
521 3949 650 4048 magis
670 3945 893 4034 extenditur
909 3963 948 4030 et
962 3948 1158 4028 ramosior

131 4059 178 4140 fit
204 4059 851 4180 (116131691ιῦ.’166666611811
876 4091 913 4166 p.
936 4063 1046 4158 2⁰9..)
1157 4141 1160 4146 .
