2836 4878
589 347 752 426 FLOS.
1099 345 1172 426 299

159 547 253 636 dixi,
284 547 469 632 facillime
499 548 735 650 separandis,
761 572 858 648 quas
882 560 1174 647 parastemones

156 665 387 740 vocaverim.
435 668 479 740 ln
506 665 682 762 margine
705 663 892 765 utrinque
915 659 1062 738 habent
1081 663 1176 738 bur·

158 778 321 854 siculam
360 776 560 865 adnatam,
597 777 696 854 duas
732 775 891 877 pollinis
927 799 1074 850 massas
1105 800 1177 856 seu

156 892 364 994 pollinaria
391 892 668 969 continentem.
717 894 822 966 Haec
847 888 1069 974 combinata
1086 903 1179 969 sunt

158 1031 230 1110 per
262 1008 433 1112 stipitem
466 1031 556 1082 cum
589 1004 832 1106 corpusculis
858 1002 1035 1103 quinque
1058 1001 1178 1084 fuscis

159 1121 346 1219 oblongis
368 1121 557 1220 utrinque
581 1119 786 1194 attenuatis
810 1115 1098 1217 bipartibilibus
1126 1119 1179 1198 ita

161 1260 272 1322 varo,
308 1249 353 1310 ut
390 1233 538 1334 stipites
569 1232 745 1308 duorum
777 1229 1081 1333 pollinariotum
1114 1259 1180 1335 ap·

159 1351 384 1452 positorum
414 1347 465 1424 ad
496 1347 644 1426 diversa
672 1345 904 1448 corpuscula
928 1344 1036 1422 fusca
1061 1347 1180 1448 perti·

158 1477 285 1540 neant
344 1467 523 1563 Superne
555 1477 849 1563 parastemones
881 1461 1020 1559 stigma
1052 1477 1181 1540 exacte

158 1578 337 1675 cingunt,
374 1574 659 1677 appendicibus
698 1589 831 1652 tamen
871 1575 1181 1654 membranaceis

159 1692 290 1768 aliisve
314 1693 417 1768 bene
443 1687 720 1786 distinguendi.

259 1803 503 1906 Corpuscula
534 1803 713 1904 quinque
742 1800 867 1889 fusca,
904 1828 1006 1904 quae
1048 1804 1182 1882 antbe-

161 1943 224 1996 ras
254 1921 417 2019 putabat
444 1917 657 2002 Linnaeus,
689 1913 892 2012 glandulas
922 1941 1015 1997 vero
1041 1907 1182 1997 vocant

160 2033 314 2109 lussieu
347 2046 384 2107 et
415 2035 578 2117 Brown,
611 2030 751 2129 utique
781 2043 1014 2109 structuram
1048 2033 1183 2110 anthe·

139 2167 297 2220 ‘rarum
337 2145 492 2221 habent
555 2145 747 2219 Constant
783 2166 805 2218 e
840 2142 981 2218 loculis
1023 2145 1183 2228 duobus

163 2259 351 2362 appositis
376 2257 554 2335 antherio
579 2256 689 2333 tenui
716 2255 921 2342 distinctis,
946 2257 1063 2336 valvis
1089 2286 1183 2338 con·

163 2374 282 2462 natis,
307 2396 390 2450 non
415 2368 659 2474 polliniferis.
692 2369 802 2446 Vidit
825 2371 1033 2448 Brownius
1057 2378 1182 2458 serius
1313 2401 1314 2404 ’

162 2485 349 2564 formatas
382 2510 426 2564 ac
455 2486 594 2562 bursas
618 2483 824 2586 pollinaria
850 2485 1093 2566 continentes
1118 2492 1183 2568 sti.

163 2601 367 2703 pitemque
391 2600 494 2680 inter
518 2597 720 2697 glandulas
740 2612 784 2702 'et
807 2597 1014 2698 pollinaria
1047 2601 1181 2680 denuo

165 2728 329 2794 enatam.
384 2716 433 2792 Aa
465 2713 634 2790 minime
665 2712 712 2790 ad
747 2712 885 2810 stigma
909 2713 1106 2812 pertinent
1128 2717 1184 2794 sa·

165 2828 310 2906 cillime
340 2828 388 2904 ab
420 2827 508 2927 ipso
535 2824 786 2927 separandae,
819 2825 929 2925 quod
954 2831 1210 2926 praesertim,

165 2943 208 3020 in
242 2941 444 3042 Calotropi
478 2941 654 3038 gigantea
687 2939 944 3040 conspicitur,
978 2941 1045 3018 ubi
1078 2945 1184 3045 stipi-

163 3056 271 3133 tulus
297 3081 318 3130 a
343 3052 527 3152 glandula
552 3054 628 3130 exit
652 3066 689 3130 et
712 3049 813 3130 infra
850 3052 987 3151 stigma
1019 3071 1200 3156 parante·¹

164 3173 357 3248 monibus
384 3168 575 3248 adhaeret.
624 3172 772 3247 Bursae
795 3180 833 3250 et
855 3167 961 3268 ipsae
978 3167 1185 3266 glandulae

165 3309 257 3362 cum
288 3283 629 3385 parastemonibus
659 3282 865 3369 alternant,
895 3281 1004 3360 unde
1035 3309 1185 3362 nomen

163 3395 493 3502 parastemonum‘
534 3397 628 3498 ipsis
664 3396 775 3491 ,bene
804 3396 1031 3476 convenire
1075 3413 1185 3499 puto.

163 3516 310 3590 Bnrsae
361 3512 704 3614 parastemonibus
746 3526 827 3589 tam
879 3523 981 3590 arcte
1023 3510 1187 3588 adnatae

166 3641 274 3714 sunt,
306 3640 353 3702 ut
383 3623 490 3704 hisce
522 3625 786 3726 separatisin
825 3623 923 3704 duas
963 3637 1090 3725 partes
1128 3623 1187 3700 di·
1311 3623 1319 3648 ‘

166 3738 360 3816 ridantur.
437 3738 617 3839 stipitem
670 3739 867 3839 pollinan'i
895 3763 1010 3814 mum
1058 3738 1187 3839 stipite

168 3851 376 3952 glandulae
408 3852 460 3928 ita
493 3867 709 3930 cannatum
747 3877 844 3937 esse,
881 3867 927 3932 ut
964 3878 1008 3929 ex
1050 3852 1187 3930 ambo-

167 3969 244 4044 bus
275 3991 381 4046 unns
407 3967 569 4046 evaserit
599 3966 642 4042 in
677 3967 875 4069 plerisque
912 3968 1061 4069 optime
1093 3991 1186 4046 uon*

168 4080 340 4184 spiritur.
375 4081 522 4180 Stigma
558 4081 696 4182 utique
729 4085 825 4160 cum
854 4078 961 4177 stylis
996 4077 1188 4184 fasciculis
