2840 4878
139 371 143 376 -
241 341 311 416 no
425 437 429 446 ¹
648 339 845 416 naum.

336 537 382 614 In
415 534 656 638 perennibus
685 531 899 634 longitudo
929 534 1042 611 varia.
1103 533 1266 612 Protea..

240 679 327 726 sam
357 675 563 738 vocamus,
601 673 702 750 quae
739 648 851 724 caule
886 647 1060 747 longior,
1097 652 1266 748 longam

242 787 357 862 quae
377 763 478 840 catali
511 761 776 862 subaequalis,
808 761 964 851 brevem,
979 829 981 834 .
997 787 1100 864 quoe
1135 761 1270 867 multo·

122 961 125 969 ¹
169 949 172 969 ,
241 877 408 954 brevior.
461 877 706 952 crassissima
731 877 853 951 estin
877 876 1144 975 Bryonianbi
1177 899 1267 954 cau·

241 988 288 1065 lis
313 989 459 1076 tenuis,
491 1018 622 1064 crassa
650 990 693 1064 in
718 992 904 1066 Rrassicis
927 991 998 1067 ubi
1023 989 1118 1068 folia
1142 989 1273 1064 multa

142 1175 145 1188 ,
242 1126 480 1204 magnaque,
512 1107 658 1191 densa„
682 1129 754 1180 seu
786 1106 923 1181 multis
947 1105 1133 1182 radiculis
1156 1128 1280 1205 prae-s

242 1214 322 1292 dita
345 1217 389 1290 in
416 1217 682 1294 Graminibus.
733 1220 775 1294 Si
792 1220 990 1298 radiculae
1004 1219 1268 1306 tenuissimae,

241 1328 352 1405 radix
390 1334 579 1435 capillario
620 1332 779 1423 dicitur,
821 1359 924 1438 quae
959 1334 1191 1438 praesertim
1222 1333 1267 1410 in

243 1445 430 1546 aquaticis
455 1446 659 1547 reperitur.
998 1515 1001 1520 ,
1076 1537 1091 1562 s
1226 1529 1232 1536 ,

320 1563 385 1638 ·1n
410 1561 646 1637 succulentis
669 1559 821 1638 radices
834 1587 982 1665 -parvas
1013 1585 1096 1640 esse
1125 1574 1267 1637 testan-

243 1687 308 1756 tur
331 1674 561 1777 praesertim
586 1676 704 1753 Cacti.
1197 1703 1209 1710 -

342 1793 444 1865 Sunt
473 1813 639 1891 quoque
669 1789 825 1892 plantae
858 1805 1029 1877 annuae,
1055 1781 1157 1891 quae
1180 1787 1268 1864 lon-

246 1900 426 1998 gissimae
459 1903 659 1980 radicibus
682 1905 812 2005 parvis
843 1903 1053 1980 instructae
1078 1916 1186 1991 sunt,
1210 1903 1269 1978 uti

245 2017 550 2096 Cucurbitacsae
566 2018 787 2122 pleraeque,
800 2019 956 2120 plantae
971 2016 1166 2095 volubiles
1184 2029 1252 2092 etc.

246 2223 317 2326 77.
376 2235 534 2324 Nemo
587 2231 770 2340 radicis
820 2265 939 2325 cum
992 2233 1133 2325 caule
1186 2244 1271 2322 aut

305 2380 526 2464 transiens
568 2384 657 2474 est,
699 2385 784 2462 aut
829 2378 1020 2465 nodatus
1051 2402 1085 2466 S.
1127 2370 1267 2462 nodo

307 2507 587 2611 distinctus.
634 2524 719 2605 aut
758 2519 946 2632 stzpatns
984 2542 1019 2603 s.
1058 2511 1268 2628 gemmis

288 2727 291 2735 .
308 2649 564 2768 discretus,

321 2814 387 2896 'In
418 2813 618 2921 plerisque
650 2819 809 2922 plantis,
835 2844 936 2924 quae
960 2821 1135 2898 radicem
1161 2845 1269 2898 com-

244 2935 415 3036 positam
439 2935 603 3023 habentt
626 2934 723 3012 haec
749 2937 916 3034 gemmis
941 2935 1077 3038 stipata
1103 2949 1169 3025 est,
1194 2936 1269 3012 ubi

246 3075 339 3125 oum
370 3049 482 3126 carde
503 3044 771 3126 connectitur.
833 3049 913 3128 Sed
949 3069 1033 3126 non
1065 3050 1198 3127 solum
1228 3051 1279 3125 in

245 3162 312 3252 iis,
349 3187 451 3266 quae
486 3163 619 3239 radice
654 3164 865 3242 instructae
907 3177 1000 3239 sunt
1039 3165 1272 3265 composita,

247 3275 318 3353 sed
350 3295 514 3378 quoque
545 3276 588 3350 in
611 3276 674 3364 lis,
708 3298 809 3380 quae
837 3275 970 3352 radice
1006 3273 1182 3375 gaudent
1211 3278 1271 3352 in-

247 3404 354 3489 tegra
388 3404 435 3466 et·
459 3386 624 3491 quidem
647 3390 691 3466 in
724 3391 979 3492 perennibus,
1016 3412 1197 3490 gemmae
1222 3385 1278 3466 ad·

248 3504 360 3580 basin
385 3503 515 3580 caulis
547 3503 817 3604 reperiuntur,
845 3501 983 3580 caules
1015 3501 1272 3580 secundarios

247 3609 475 3718 novamque
510 3616 667 3719 prolem
699 3614 974 3718 producentes.
1033 3615 1176 3695 Petioli
1208 3640 1277 3696 su·.

247 3733 425 3836 perstites
456 3755 657 3830 gemmam
695 3730 894 3808 evolutam
929 3725 1050 3809 fuisse
1084 3731 1273 3820 indicant

248 3844 509 3949 radicemque·
528 3845 705 3931 reddunt
728 3860 933 3928 comatam.
963 3875 965 3882 ’

346 3961 489 4038 nodus
515 3969 583 4039 aut
606 3971 699 4038 'cum
724 3959 891 4060 gemmis
915 3957 1035 4038 simul
1061 3959 1178 4048 adest
1205 3974 1274 4038 aut

252 4077 400 4178 absque
431 4075 547 4154 hisce.
605 4071 701 4154 Non
729 4075 875 4155 solum.
888 4076 931 4172 in
956 4073 1004 4152 iis
1029 4069 1272 4158 animadver-
