2848 4888
531 383 780 462 PLANTAn
1107 381 1172 470 ’39

139 565 338 656 utilitatis
362 577 539 680 'gradum
572 577 862 686 perducuntur;
887 601 960 660 nec
985 607 1070 666 non
1093 602 1169 667 sta·

138 707 203 772 tus
229 695 464 812 observatur
488 719 534 772 ex
557 710 731 800 utroque
756 695 1002 795 conjunctus.
1124 743 1127 753 ,

138 829 211 924 tt.
272 813 399 926 'Vita
449 832 754 953 plantarum,
804 832 879 932 uti
936 832 1167 932 omniurn
1267 923 1271 932 .

139 974 146 1066 s
201 999 480 1092 corporum
513 973 880 1088 organicorum,
911 971 1071 1069 habet
1096 1013 1168 1070 ac-

139 1191 142 1194 .
198 1119 354 1216 lionae,
393 1120 688 1233 operatiorem,
720 1133 861 1219 actus,
893 1114 949 1206 in
979 1146 1165 1234 genere

182 1254 457 1368 functione&

232 1387 347 1462 Actio
373 1398 432 1461 est
454 1383 769 1490 simplicissimus
793 1387 836 1464 in
861 1413 1031 1492 corpore
1051 1413 1163 1492 orgaa

131 1497 225 1576 nico
252 1498 392 1598 agendi
416 1500 566 1578 modus
590 1527 663 1578 seu
687 1501 840 1580 functio
863 1503 1160 1605 simplicissima.

130 1613 195 1690 Fit
218 1627 287 1689 aut
308 1612 413 1691 inter
435 1629 565 1716 partes
589 1613 753 1705 solidas,
774 1629 857 1694 aut
879 1617 984 1694 inter
1006 1617 1162 1710 fluidas,

135 1740 202 1804 aut
224 1728 328 1804 inter
351 1727 496 1804 fluidas
522 1743 561 1806 et
584 1729 740 1806 solidas.

223 1843 434 1919 'Relaoeanb
465 1857 520 1920 et
561 1845 772 1922 constrictio
820 1843 1159 1935 membranarum,

128 1966 235 2056 ‘quae
257 1969 427 2057 utraque
450 1971 587 2034 tonum
611 1958 822 2047 constituit,
847 1958 928 2034 huc
951 1959 1159 2062 pertinent.

115 2071 236 2145 ‘Cum
265 2068 310 2144 in
340 2069 472 2171 planta
497 2071 604 2148 succi
633 2097 707 2173 per
734 2072 1158 2148 membranastranse-

129 2196 211 2272 ant,
247 2181 399 2260 horum
438 2185 623 2260 circuitus
660 2209 682 2260 a
718 2197 818 2261 tono
863 2183 1157 2261 determinatur.
1201 2255 1214 2270 ,,

114 2301 249 2392 ιΤοιιό
274 2298 350 2375 isto
377 2301 443 2374 aer
468 2297 645 2399 aliaeque
668 2299 869 2399 potentiae
894 2312 1073 2374 externae
1098 2324 1157 2375 ar·

130 2425 286 2500 centur,
324 2437 426 2514 quae
462 2412 505 2488 i'n
541 2409 677 2488 fluidis
711 2411 1158 2514 corporum'organico·

126 2551 233 2602 rum¹
259 2526 514 2628 putredinem
555 2523 772 2614 efficerent,
815 2524 910 2602 hine
939 2538 1061 2602 tonus
1104 2525 1155 2602 ad

125 2642 248 2717 vitam
282 2639 525 2716 necessarius
566 2653 610 2716 ‘et
651 2653 774 2716 tonus
816 2661 970 2716 cessans
1013 2638 1156 2716 mortis

81 2743 88 2749 ’
127 2756 379 2854 signumest

225 2871 330 2944 Cum
354 2863 478 2942 fluida
499 2865 686 2965 ¹organica
717 2889 739 2942 e
771 2865 943 2966 globulis
975 2879 1157 2942 constent

125 2981 251 3082 magis
282 2981 465 3058 minusve
493 2979 799 3083 pellucentihus,
834 2980 878 3056 hi
902 2975 1044 3077 majori
1077 2978 1154 3055 mi·

125 3096 264 3174 norive
293 3094 487 3180 celeritate
523 3107 592 3170 aut
614 3117 699 3170 sese
719 3094 946 3182 attrahunt,
978 3093 1154 3169 autsese'

53 3209 55 3213 ’
95 3227 97 3232 ·
124 3209 365 3314 propellunt,
388 3209 463 3283 nec
489 3231 573 3284 non
599 3232 623 3283 a
641 3207 855 3309 parietibus
876 3230 1066 3284 rasorum
1083 3219 1154 3284 aut

124 3323 389 3408 attrahuntur,
415 3334 484 3397 aut
505 3319 795 3424 propelluntur.

224 3437 465 3539 Operattbnar
494 3435 651 3536 plantae
683 3449 751 3511 aut
770 3447 875 3512 'sunt
897 3437 1148 3518 mtrartort‘nei

112 3575 156 3628 e.
193 3573 227 3650 g.
264 3565 369 3652 quae
399 3547 451 3625 ad
482 3549 743 3626 nutritionem
781 3546 1031 3636 conducunt,
1068 3555 1076 3600 ·'
1082 3563 1150 3624 aut

114 3666 364 3769 τεριιίςονίαε,
390 3661 536 3767 quibus
561 3685 592 3738 e.
617 3685 652 3760 g.
677 3660 918 3740 excretiones
942 3657 1056 3750 fiunt,
1082 3676 1150 3739 aut

121 3779 345 3865 serratoriae,
369 3777 413 3856 in
438 3777 584 3880 'quibus
600 3775 1148 3880 utraeque-finctioneseon-

122 3892 278 3993 junctae
302 3905 404 3970 sunt
452 3921 455 3942 ·
1143 3919 1146 3924 ·

219 4006 281 4086 Ad
305 4006 427 4084 Actu&
451 4003 682 4083 referendae
706 3985 1049 4082 suntsnnctinn'es
1064 4027 1147 4082 ma·

42 4120 44 4132 '
121 4121 228 4198 xime·
241 4120 494 4226 pomposiae
510 4118 560 4198 ad
576 4141 746 4222 scopum
757 4117 966 4222 quendam
983 4113 1147 4198 undem
