2852 4872
411 381 860 460 INTEGUMENTb
1072 384 1146 468 lm

130 601 244 678 saepe
274 575 439 654 flexuosi
472 591 674 680 apparent,
708 601 739 654 e.
764 600 797 677 g.
823 578 866 654 in
891 580 1147 661 Graminibus

130 689 329 790 (Krocker
360 690 410 768 de
440 692 600 792 plantar.
634 689 887 790 epidermide.
927 693 1011 768 Hal.
1037 697 1143 770 1801.
1180 739 1185 745 ·

127 829 166 904 Ρ.
190 809 225 880 3.
248 819 274 880 t.
298 809 332 881 3.
357 804 381 879 i.
406 805 465 902 5.)
496 829 571 881 nec
599 829 683 880 non
707 804 749 878 in
773 805 1020 882 Amaranthis
1045 807 1146 884 aliis-

125 941 217 1018 que.
265 923 375 994 Hanc
399 943 492 995 vero
518 917 729 996 llexionem
747 917 913 996 demum
932 915 1019 995 fieri
1035 935 1147 1023 puto,

127 1055 222 1108 cum
260 1029 470 1133 epidermis
505 1031 715 1110 tenerrima
753 1032 937 1136 deglupta
976 1033 1018 1110 in
1056 1040 1146 1112 aire

125 1145 355 1233 exsiccatur,
380 1171 453 1223 nec
477 1171 577 1248 aqua
601 1144 712 1220 facile
738 1146 948 1224 emollitur.

224 1257 396 1336 Cellulae
421 1271 488 1337 aut
510 1259 552 1334 in
576 1259 695 1335 series
721 1257 951 1335 distributae
975 1273 1077 1347 sunt,
1098 1275 1146 1338 ut

87 1431 91 1437 .
123 1370 168 1446 iu
194 1372 463 1461 Graminibus,
489 1373 698 1460 Coniferis,
723 1386 791 1449 aut
815 1372 889 1448 sibi
915 1371 1063 1475 absque
1081 1398 1144 1451 or-

124 1481 217 1560 diue
242 1484 458 1587 appositae,
480 1501 527 1564 ut
549 1487 592 1561 in
615 1485 823 1587 plerisque
1092 1563 1095 1570 ,

218 1599 365 1686 Forma
398 1612 437 1675 et
469 1598 693 1676 distributio
725 1595 955 1677 cellularum
988 1599 1031 1676 in
1055 1624 1143 1677 ner·

122 1710 181 1786 vis
211 1709 405 1788 soliorum
436 1711 509 1786 alia
541 1725 598 1786 est
614 1729 672 1789 'ac
702 1711 745 1786 in
777 1709 1029 1809 diachymate.
1079 1715 1144 1790 Sic

124 1847 288 1922 quoque
311 1837 488 1900 mutatur
511 1822 562 1898 ad
586 1823 728 1912 nodos,
750 1824 821 1902 ubi
844 1825 1017 1924 petiolus
1041 1827 1142 1902 cauli

122 1935 325 2026 inseritur,
353 1935 424 2014 ubi
454 1935 593 2012 transit
619 1937 662 2011 in
687 1937 876 2014 laminam
901 1950 939 2013 et
961 1937 1004 2012 in
1028 1938 1143 2014 variis

122 2047 208 2124 aliis
232 2049 340 2126 locis.
409 2133 412 2140 ,

215 2163 469 2264 Lymphatica
492 2185 591 2250 vasa,
609 2187 710 2262 quae
726 2163 953 2261 ssed-wigius
970 2165 1142 2262 (Samm-
1197 2252 1199 2258 ,

119 2274 219 2372 lung
246 2276 353 2362 sein.
394 2287 591 2352 aerstreut
626 2276 820 2360 Abhandl.
855 2302 893 2377 p.
931 2277 1036 2374 116.)
1073 2276 1142 2356 de·

119 2388 280 2488 scripsit,
292 2413 381 2479 ¹non
399 2390 568 2478 existere,
583 2389 737 2490 primus
754 2388 975 2466 adfirmavit
997 2385 1143 2492 §prem

119 2501 182 2598 gel
206 2499 369 2600 (dulcit.
392 2502 464 2581 Ed.
490 2508 523 2579 1.
547 2527 584 2602 p.
610 2506 691 2581 118.
717 2503 834 2599 119.)
892 2503 1024 2579 Secuti
1048 2518 1141 2583 sunt

119 2638 261 2694 omues
293 2615 540 2712 Phytotomi,
573 2629 733 2716 excepto
763 2617 941 2704 Kiesero,
978 2616 1048 2717 qui
1081 2641 1140 2710 re-

118 2729 279 2810 stituere
304 2742 467 2804 conatus
492 2743 548 2804 est
573 2729 814 2826 (Phytotom.
838 2756 875 2830 p.
900 2730 1008 2826 lat).
1059 2729 1138 2806 Sed

115 2856 271 2918 meatus
304 2864 386 2916 esse
417 2841 718 2920 intercelltdares
751 2867 834 2920 non
866 2841 1017 2918 dubito.
1075 2846 1140 2918 tn-

116 2954 277 3035 terdum
310 2977 474 3054 quoque
503 2951 651 3030 fallacia
677 2957 805 3056 optica
830 2954 1138 3054 conspicimur,

116 3070 149 3146 si
173 3089 311 3165 margo
336 3065 501 3144 inferior
524 3069 682 3168 parietis
705 3066 883 3170 pellucet,
900 3083 947 3144 ut
969 3068 1011 3142 in
1033 3068 1137 3146 Mori

114 3182 231 3264 foliis.

210 3293 345 3370 Varias
383 3294 724 3395 metamorphoses
745 3293 871 3372 'subit
913 3291 1134 3395 epidermis,

114 3408 340 3510 praesertim
372 3407 414 3488 iu
449 3408 628 3486 caulibus
659 3409 849 3502 arborum
883 3419 921 3482 et
944 3395 1135 3502 fruticum

115 3523 185 3598 diu
209 3522 287 3600 adri
312 3521 506 3622 expositis.
540 3522 717 3600 Crassior
740 3520 787 3596 fit
810 3535 851 3597 et
872 3520 997 3607 stura,
1023 3545 1134 3596 rum-

112 3637 233 3736 pitur,
265 3649 333 3712 aut
363 3634 478 3736 plane
510 3633 699 3732 dejicitur.
757 3636 807 3711 Vi
839 3631 1066 3711 mechanica
1090 3633 1134 3708 id

111 3773 198 3824 non
221 3747 325 3836 fieri,
351 3749 453 3825 bene
476 3748 658 3848 probavit
681 3749 856 3825 Krocker
880 3747 956 3847 (d'e
979 3747 1031 3848 pl.
1052 3746 1143 3844 epi-7.
1213 3785 1217 3792 ·
1269 3845 1273 3854 Ι

110 3861 235 3938 derm.
259 3889 295 3964 p.
319 3863 412 3957 ut).
460 3864 511 3938 Et
534 3862 576 3936 in
600 3860 794 3938 fructibus
817 3861 982 3938 maturis
1006 3859 1130 3936 varias

109 3975 217 4052 subit
241 3974 589 4076 metamorphoses.
