2850 4874
662 362 885 439 ctttJtts.

666 975 669 983 .
740 859 821 988 V.

570 1043 993 1194 ‹3¹AUL18.

271 1509 358 1610 87..
387 1449 490 1600 'Ad
557 1513 731 1604 Caulem
791 1511 1063 1631 pertinent
1115 1537 1296 1602 omnes

236 1671 240 1689 ¹
283 1721 301 1744 .
332 1650 532 1770 plantae
554 1663 722 1770 partes
744 1680 943 1794 sursum
966 1663 1265 1760 crescentes

283 1847 287 1852 ·
368 1821 502 1900 Caulis
534 1837 710 1926 estpars
743 1847 929 1926 superna,
963 1823 1008 1899 in
1045 1819 1297 1902 altitudinem

272 1937 326 2014 ita
361 1951 603 2037 exporrecta,
639 1953 686 2015 ut
719 1939 913 2014 anteriora
945 1936 1295 2039 aposterioribus,

272 2047 334 2126 v'el
375 2049 508 2126 de'x'tr'a
546 2051 767 2127 asinistris
801 2073 889 2128 non
929 2050 1122 2127 differant
1181 2051 1294 2152 Iung.

272 2165 372 2265 Isag.
400 2167 567 2268 phytosc.
601 2194 629 2241 c.
662 2168 696 2240 2
731 2167 761 2262 §-
793 2169 827 2240 6.
887 2164 1187 2262 Syntmetricam
1212 2181 1297 2240 esse

272 2292 425 2380 partem
449 2277 548 2364 iutlt,
572 2291 619 2352 ut
641 2279 826 2379 reliquae.

372 2395 557 2467 Truncus
579 2389 676 2467 folia
702 2405 740 2466 et
763 2389 1111 2468 fructificationem
1134 2389 1294 2491 profert.

239 2595 241 2602 Ι
276 2503 434 2605 Species
467 2500 550 2600 eius
580 2517 674 2579 sunt
705 2528 786 2579 sex:
821 2504 970 2593 Caulis,
996 2505 1178 2592 Culmus,
1206 2509 1295 2580 Sca·

273 2641 366 2719 pus,
390 2614 660 2706 Pedunculus,
692 2618 885 2706 Petiolus,
917 2623 1062 2705 Frons,
1089 2618 1232 2718 Stipes3
1258 2632 1296 2694 at

273 2733 424 2808 Romus
447 2755 537 2833 pars
563 2745 628 2807 est
679 2733 811 2810 Caulis
836 2746 894 2808 est
916 2746 1079 2808 truncus
1110 2733 1295 2832 proprius

273 2845 437 2934 herbae,
463 2845 586 2923 elevat
609 2844 705 2922 folia
729 2845 1156 2946 fiuctificationemque
1186 2847 1290 2924 Lina

274 2960 420 3037 Plu'los.
448 2959 520 3036 bot.
546 2964 576 3058 ἓ.
600 2965 658 3038 82.
710 2966 893 3037 Truncus
917 2959 1109 3036 terminus
1139 2983 1296 3057 genera·

274 3072 323 3148 lis
350 3088 416 3163 est,
443 3089 481 3150 et
504 3075 546 3149 in
568 3075 761 3172 Zoologia
778 3075 958 3159 usitatum
975 3073 1017 3147 in
1034 3071 1296 3174 descriptione
1336 3061 1341 3069 ’

275 3187 466 3263 arborum
490 3187 573 3263 sere
599 3213 739 3264 omnes
766 3186 921 3264 dicunt:
955 3185 1076 3262 caulis
1093 3187 1295 3272 arboreus;

275 3299 414 3400 scapus
448 3313 485 3374 et
516 3299 768 3400 pedunculus
794 3314 886 3378 sunt
909 3300 1026 3389 rami,
1051 3299 1220 3401 petiolus
1241 3297 1295 3373 vad

275 3411 371 3489 solia
395 3414 581 3514 pertinet,
607 3413 719 3490 srons
746 3428 783 3491 et
807 3416 926 3518 stipes
950 3428 1043 3489 sunt
1074 3413 1295 3516 plantarum

276 3525 541 3603 abnormium.
618 3528 849 3605 Secundum
903 3527 1064 3604 ordines
1105 3526 1295 3604 naturales

276 3661 361 3717 non
387 3638 656 3738 distinguendi
681 3643 850 3731 termini,
875 3641 970 3716 hine
994 3639 1197 3740 rejiciendi
1218 3639 1295 3716 cul·

276 3778 386 3844 mus,
410 3755 592 3831 surculus
618 3769 686 3831 etc.

372 3873 429 3945 Ex
465 3883 574 3969 parte
610 3871 788 3973 principe
818 3868 959 3948 radicis
991 3868 1140 3949 caudex
1164 3869 1294 3955 oritur,

278 3984 346 4084 qui
381 3984 488 4060 vario
520 3982 647 4059 modo
681 4009 815 4062 versus
848 3981 1055 4085 superiora
1080 3981 1296 4060 extenditur

278 4111 317 4174 et
339 4097 381 4172 in
404 4123 539 4174 ramos
563 4122 634 4175 seu
658 4112 785 4200 partes
809 4098 1002 4188 minores,
1033 4097 1293 4201 utplurimum
