2840 4878
251 353 323 434 122
661 359 856 436 Ranlx.

343 554 513 657 Papillae
536 556 579 632 in
598 551 712 655 'apice
736 555 917 632 radicum
941 559 1120 660 primum
1144 561 1186 634 in
1214 581 1274 636 ra-

248 671 388 749 diculis
420 675 591 746 Lemnae
623 683 856 769 conspectae
890 687 998 760 sunt,
1022 673 1094 749 ulai
1122 689 1275 775 partem-

247 785 497 888 calyptratam
537 783 762 886 quaesivere
803 786 1015 886 (Sprengel
1052 781 1095 860 v.'
1118 791 1203 864 Bau
1234 788 1271 863 d.

247 909 353 981 Gew,
383 928 419 1002 p.
451 899 567 994 393.).
626 899 728 973 Sunt
757 922 862 974 vero.
893 900 1022 1001 apices
1060 901 1271 990 incrassati,

243 1014 397 1119 papillis
429 1035 572 1114 parum
601 1012 939 1112 prominentibus3
971 1014 1126 1111 lignum
1160 1015 1270 1090 enim

242 1133 285 1207 in
322 1127 458 1204 medio
497 1123 559 1200 ad·
582 1125 773 1200 extimum
804 1151 932 1227 usque
966 1128 1117 1228 apicem
1144 1131 1272 1205 conti-

242 1257 410 1331 nuatur,=
424 1254 461 1316 et
486 1253 616 1316 cortex
641 1263 725 1314 non
750 1255 950 1340 separatus
976 1255 1041 1316 est
1091 1245 1138 1318 In
1162 1242 1268 1318 radi-

242 1359 340 1435 culis
382 1353 636 1432 crassioribus
678 1352 805 1453 apices
846 1352 1025 1430 similiter
1063 1370 1101 1431 at
1132 1357 1269 1432 minus

240 1475 525 1557 intumescunt,
561 1465 804 1569 papillasque
834 1484 976 1566 gerunt
1005 1495 1148 1572 parum
1172 1495 1265 1572 pro·

239 1586 446 1662 minentes.
548 1615 550 1622 ¹

336 1704 383 1777 ln
412 1697 527 1772 variis
561 1696 888 1773 Scitaminearum
920 1693 1166 1800 aliarumque
1204 1725 1265 1776 ra-.

239 1813 394 1889 dicibus
419 1811 640 1888 aromaticis
666 1808 826 1886 cellulae
845 1809 1098 1910 reperiuntur
1115 1826 1183 1889 aut
1198 1839 1265 1914 ⁵⁰7

237 1926 400 2024 litaniae,
438 1937 506 2002 aut
541 1948 689 2026 paucae
730 1937 954 2022 aggregatae
991 1923 1125 2002 colore
1156 1926 1259 2004 flavo

235 2039 431 2141 fuscoque
455 2039 612 2126 tinctae,
639 2064 741 2140 quae
757 2039 926 2113 resinam
945 2037 1148 2114 continent
1165 2039 1260 2116 olei-

234 2154 361 2231 seram
392 2169 431 2230 et
462 2154 680 2230 odoratam.
736 2152 995 2253 Receptacula
1028 2155 1134 2230 succi
1167 2169 1259 2235 sunt

236 2269 413 2344 cavitates
459 2267 631 2343 resinam
673 2263 876 2342 oleiferam
923 2266 1167 2346 continentes
1184 2341 1187 2350 Δ
1206 2269 1257 2364 ιιι

235 2383 379 2458 cortice
404 2380 599 2468 radicum,
626 2401 656 2456 e.
673 2401 708 2476 g.
732 2379 938 2478 Angelicae
955 2381 1257 2480 Archangelicae

233 2523 267 2572 v.
293 2521 320 2570 s.
345 2496 411 2570 111.
435 2497 493 2570 67.

232 2733 303 2824 79.
364 2727 524 2818 Radix
554 2762 748 2850 gemmas
779 2756 928 2850 saepe
965 2686 1164 2852 pro'fert
1198 2731 1253 2820 in

292 2869 457 2962 caules
498 2865 820 2989 explicandas
873 2881 957 2959 aut
1004 2868 1067 2960 ad
1106 2870 1252 2960 basin

290 3010 460 3124 autin
491 3006 717 3100 decursu,

326 3181 517 3254 Gemmas
557 3178 667 3254 istae
699 3180 854 3280 spuriae
888 3192 1002 3268 sunt,
1042 3182 1258 3278 tegmentis.

227 3313 311 3366 non
334 3288 497 3366 indutae
522 3291 597 3367 nisi
621 3292 874 3393 imperfectis,
906 3319 979 3370 nec
1003 3291 1127 3381 solio‚·
1155 3317 1261 3418 cum!

228 3391 474 3491 exoriuntur,
499 3402 639 3482 fultae·
1249 3465 1254 3478 .

323 3518 364 3594 Si
396 3517 507 3594 radix
526 3521 757 3620 composita
795 3536 853 3597 est
886 3533 924 3596 et
960 3545 1054 3598 cum
1089 3539 1245 3618 gemma
1272 3523 1274 3528 ’

225 3632 274 3709 ad
316 3632 427 3708 basin
471 3646 613 3708 exorta-
643 3657 770 3710 novae
809 3632 1008 3712 radiculae
1052 3634 1254 3720 oriuntur,¹

223 3748 353 3848 planta
377 3743 424 3822 fit
448 3747 660 3847 caespitosa
685 3771 713 3821 s.
740 3748 925 3850 caespites
948 3749 1136 3826 formans.

123 3861 127 3872 ’
221 3855 226 3870 “
322 3862 361 3937 si
394 3858 504 3935 radix
532 3861 682 3960 integra
709 3874 766 3938 est
791 3877 829 3938 et
852 3886 1032 3961 gemmae
1058 3863 1110 3940 ad
1132 3863 1255 3938 basin.

223 3975 421 4060 oriuntur,
451 3972 596 4052 radix
592 3975 724 4109 primo
758 3973 804 4052 fit
837 3977 1063 4110 multiceps,
1092 3990 1180 4053 tum
1211 3974 1243 4052 si

221 4087 329 4164 radix
359 4088 544 4192 primaria
579 4078 787 4178 emoritur,
820 4093 1003 4196 novique
1025 4091 1126 4168 'rami
1157 4089 1252 4170 subv
