2840 4878
562 387 760 471 nlnlx.
1108 391 1178 467 117

150 607 236 664 rem
276 579 470 674 sormam
508 587 557 685 2)
598 613 620 667 o
661 586 1176 694 1010101111111111111101

148 693 389 799 producunt,
415 699 485 801 qui
511 700 555 776 in
580 700 668 779 solo
695 727 861 780 arenoso
887 725 973 777 non
990 701 1176 778 emittun-

147 823 229 898 tur,
263 809 357 887 dein
390 836 556 916 quoque
586 815 719 892 solum
752 815 881 894 fertile
903 837 1038 892 ramos
1063 813 1176 904 elicit,

146 926 320 1004 maxime
335 920 436 1028 aqua
455 928 539 1024 (Du
554 930 704 1006 Hamel.
720 931 790 1008 Ph.
809 931 845 1008 d.
863 929 962 1007 arbr.
977 931 1019 1005 L.
1032 932 1065 1004 1.
1083 930 1125 1007 C.
1141 932 1175 1006 5.

146 1041 189 1116 A.
216 1040 273 1138 1.)
297 1040 446 1140 Knighl
468 1040 569 1120 Phil.
595 1045 791 1122 Transacc
818 1049 923 1124 1811.
948 1035 1126 1148 pudo).

146 1279 219 1382 721.
252 1263 481 1382 ‘Radius'
512 1291 682 1410 forma
730 1293 924 1410 vulgata
972 1304 1047 1385 est
1093 1320 1173 1384 co-

145 1427 150 1432 ’
206 1427 321 1519 nica
353 1427 542 1522 sensim
575 1429 898 1526 decrescens:

238 1596 368 1678 Radix
402 1623 627 1702 numquam
664 1604 832 1702 angulos
866 1601 988 1682 habet
1021 1599 1172 1704 pluress

113 1794 115 1798 ,
142 1709 312 1787 unicum
336 1714 492 1789 tanturn
516 1714 642 1790 rarius
668 1718 901 1819 conspicies,
925 1715 1036 1794 unde
1059 1711 1171 1790 radix

142 1821 191 1899 fit
230 1827 421 1914 roncata,
464 1851 497 1901 e.
535 1850 572 1926 g·
608 1828 692 1906 rad.
736 1832 945 1932 Polygalae
985 1833 1169 1926 senegae.

145 1941 259 2052 Quae
282 1939 393 2016 radix
418 1937 599 2038 angulata
623 1940 781 2020 videtur
805 1943 855 2020 ad
882 1943 1060 2021 stolones
1082 1963 1170 2044 per-

143 2052 252 2134 tinet,
325 2122 328 2128 .

148 2237 153 2248 .
239 2170 285 2245 R.
309 2164 487 2268 globosa,
514 2171 648 2257 oculis,
675 2169 856 2274 oblonga,
881 2168 1106 2276 nupffonnis
1131 2179 1170 2245 el

143 2281 175 2358 si
200 2279 362 2379 longior
392 2279 527 2370 fuerit,
557 2280 780 2362 luciformis
803 2278 1083 2374 Auecmelius
1107 2309 1167 2358 ra-

138 2397 313 2500 pisormis
338 2393 521 2484 dicenda,
545 2398 782 2500 cylindrocea
806 2414 875 2476 etc.

147 2577 151 2588 ,
239 2513 285 2590 R.
310 2523 478 2615 aequata
501 2510 620 2611 vulgo
647 2514 897 2616 conspicitur,
920 2509 1048 2590 rarius
1072 2505 1168 2595 basi,
1216 2583 1220 2590 ,

143 2626 266 2704 medio
292 2637 367 2700 11111
396 2625 499 2725 apice
522 2626 751 2717 incrassata,
783 2630 930 2706 nodoso
954 2621 1166 2703 hincinde

141 2737 450 2841 protuberanliis
481 2736 700 2836 majoribus
734 2742 932 2832 distincta,
965 2741 1169 2825 nodcdosu,

142 2851 451 2954 protuberanliis
475 2851 660 2952 plurimis
685 2856 823 2945 obsita,
845 2857 905 2932 uti
929 2855 1011 2932 rad.
1035 2858 1167 2956 Ipeca-

143 2966 337 3053 cuanhae,
361 2965 487 3042 rarius
511 2966 748 3048 tuberculosa
771 2984 841 3046 aul
863 2972 1110 3047 verruculosar

237 3079 387 3160 Multae
416 3076 572 3156 formae
604 3083 652 3158 ab
673 3083 924 3164 ¹Auctoribus
953 3077 1168 3160 1111111111-

141 3197 336 3281 buuntur,
376 3216 477 3294 quae
514 3195 705 3287 cordium,
733 3197 941 3275 stolonum
971 3197 1169 3274 subterra-

140 3331 313 3388 neorum
338 3320 407 3383 aut
428 3305 698 3388 rhizomatunr
723 3326 825 3388 sune

236 3419 379 3499 Variae
402 3445 569 3525 quoque
593 3426 779 3503 oriuumr
800 3423 956 3503 formae
984 3419 1166 3502 radicum

139 3539 183 3621 in
214 3534 472 3639 perennibus,
491 3553 572 3616 out
604 3565 698 3618 cum
730 3563 833 3618 nova
867 3540 995 3618 oritur
1023 3536 1166 3641 proles,
1316 3562 1317 3565 ¹

142 3666 210 3730 aul
233 3675 326 3728 cum
351 3648 485 3727 senior
508 3653 619 3732 radix
642 3667 724 3732 tota
749 3668 819 3732 aut
837 3679 913 3758 pro
928 3667 1038 3758 parte
1053 3649 1164 3754 perit.

143 3766 207 3842 Sic
230 3763 341 3842 radix
365 3768 556 3872 multiceps
580 3769 628 3849 fis
651 3793 673 3848 a
697 3770 866 3870 gemmis
883 3767 934 3847 ad
950 3765 1062 3845 basin
1078 3764 1166 3867 plu·

141 3877 251 3955 ribus
275 3888 415 3972 maus,
439 3879 494 3959 sic
514 3914 751 3988 praemorso,
777 3883 833 3962 ob
858 3884 1010 3986 apicem
1035 3903 1165 3958 emor-

140 4013 273 4088 tuum,
305 4001 362 4079 sic
384 3997 631 4105 parsmedia
658 4012 697 4077 el
717 3997 890 4078 maxima
913 3994 1055 4079 radicis
1079 4013 1165 4071 non

140 4137 232 4192 roro
258 4115 372 4217 prior
393 4111 583 4218 puerescit
604 4127 673 4191 etc.
794 4171 798 4178 .
