2852 4872
248 333 323 452 aas
679 375 841 454 snos,

248 571 446 674 perigynis
478 571 579 647 circa
611 569 802 648 orarium.
859 569 972 646 Nova
1001 569 1119 671 plane
1144 563 1270 646 exori'-
1377 581 1380 586 “

248 701 316 764 tur
344 685 531 762 formatio
555 685 600 758 in
626 682 800 784 epigynis
827 696 864 759 et
886 683 1083 784 perigynis
1109 684 1220 760 disco
1248 709 1270 760 e

248 825 355 878 novo
381 812 566 898 contextu
590 791 779 874 celluluso
807 812 974 884 accreto,
1000 795 1109 872 unde
1140 811 1269 904 partes

247 939 411 1016 superae
438 924 651 1008 emergunt,
678 909 789 1011 quod
815 911 979 1012 quidem
1003 911 1045 985 in
1073 911 1267 1016 Galantbo

247 1055 366 1129 supra
404 1025 522 1112 dicto,
556 1048 628 1098 nec
669 1048 752 1100 non
780 1025 826 1100 in
858 1023 1268 1102 Mesembrianthemis

247 1156 371 1244 patet,
402 1140 472 1216 ubi
505 1137 604 1212 disci
632 1162 721 1237 pars
752 1137 877 1237 petala
904 1151 941 1213 et
965 1138 1130 1216 stamina
1156 1137 1268 1218 ernis.

245 1271 351 1343 tens,
384 1253 499 1330 cunei
532 1252 655 1326 instar
685 1251 789 1328 inter
821 1250 992 1350 calycem
1024 1266 1062 1330 et
1087 1251 1267 1328 ovarium

244 1369 389 1444 inserta
415 1381 481 1443 est
586 1433 589 1440 ι
1200 1445 1204 1451 ,

345 1481 385 1556 Si
418 1495 463 1554 tu
494 1479 673 1554 orarium
700 1477 924 1554 consideras
948 1480 1006 1555 uti
1032 1479 1176 1556 florem
1201 1491 1267 1556 aut

245 1618 446 1692 gemmam
482 1618 556 1694 per
589 1619 647 1680 se,
684 1593 858 1694 reliquae
895 1603 1043 1693 partes,'
1064 1593 1266 1712 calycem,

246 1705 438 1784 corollam
479 1721 517 1781 et
555 1707 720 1782 stamina
759 1708 818 1781 uti
852 1703 947 1780 folia
986 1731 1056 1782 seu
1064 1687 1266 1780 bracteas

247 1821 418 1898 aliorum
451 1818 600 1894 florum
632 1845 721 1896 non
751 1843 997 1896 emersurum
1028 1818 1232 1894 habebis
1221 1841 1266 1892 ιιι

246 1937 383 2020 orario
421 1931 554 2010 insero
588 1959 720 2010 veram
751 1932 1083 2010 inflorescentiam
1118 1946 1271 2024 centra«

245 2049 326 2124 lern
351 2047 471 2147 (148)
496 2048 673 2155 partibus
697 2047 920 2124 lateralibus
945 2047 1045 2122 ultra
1071 2046 1232 2134 elatiS,
1220 2071 1268 2123 ιιι

246 2163 382 2244 orario
401 2186 545 2263 supero
562 2150 896 2236 inflorescentiarn
911 2161 1157 2236 terminalem
1178 2149 1270 2263 [ιιι-ς

244 2277 351 2353 tibus
375 2274 597 2350 lateralibus
620 2272 727 2348 infra
749 2273 881 2351 enatis
1090 2291 1094 2296 ·

341 2387 516 2464 Partium
542 2383 653 2462 floris
678 2401 869 2462 numerus
895 2383 1178 2466 determinatur
1204 2415 1264 2466 ra·-

244 2501 426 2576 mositate
451 2497 730 2574 {asciculorum
756 2498 1005 2598 lignosorum
1030 2502 1073 2576 in
1093 2517 1264 2603 recepta·
1293 2521 1296 2525 ’

244 2613 336 2690 culo
375 2626 412 2688 et
443 2611 539 2687 haec
577 2612 796 2687 accretiune
833 2637 916 2688 non
955 2614 1158 2691 divisione.
1220 2615 1262 2692 si

242 2752 333 2828 pars
365 2725 498 2803 deficit
529 2739 566 2802 et
594 2723 827 2802 ramificatio
861 2726 1001 2804 deficit.
1050 2733 1143 2804 Nun
1168 2730 1262 2806 novi

242 2853 371 2940 partes
417 2837 649 2918 deficientes
693 2866 863 2944 quarum
903 2840 1076 2920 fasciculi
1118 2843 1262 2942 lignosi

244 2952 383 3030 adsint

730 3261 774 3350 3.

513 3429 987 3524 PERIGONIUM.

145 3744 146 3748 a
242 3651 343 3744 159.
403 3653 690 3770 Perr'goninm
732 3663 928 3742 constat
965 3680 992 3742 e
1034 3652 1260 3771 partibus

262 3893 266 3900 ,
300 3789 539 3893 schaccis,
586 3787 798 3879 stamina
843 3791 1122 3914 pistillaque
1160 3782 1260 3882 cin·

302 3929 546 4045 gentibus,
588 3927 652 4020 ad
687 3927 868 4020 florem
909 3962 1006 4026 nec
1048 3930 1113 4024 ad
1149 3931 1259 4023 bra-

220 4169 229 4176 *
262 4131 264 4137 -
303 4083 436 4162 cteas
467 4069 847 4191 pertinentibus
1189 4053 1191 4058 ’
