2840 4878
246 359 317 436 las
643 362 869 445 cauus.

260 583 263 590 ’
344 555 503 634 Caudex
527 554 771 634 adscendens
797 571 967 658 estpars
991 555 1112 634 radici
1143 582 1269 661 oppo-

248 670 318 746 sita
350 695 510 750 sursum
544 671 688 747 directa
709 668 958 772 plerumque
983 697 1101 772 supra
1124 685 1270 748 terram

247 785 383 886 posita.
447 784 607 862 Caudex
640 782 887 862 'adscendens
912 786 1125 862 herbarum
1152 785 1271 862 caulis

249 899 401 984 dicitur,
424 900 650 1004 graminum
673 899 838 976 culmus.
891 900 1099 980 W‘Ibmnd
1116 899 1270 977 Handb.

249 1017 285 1091 d
310 1015 450 1094 Ratun.
477 1016 507 1110 ἓ.
531 1017 590 1090 93.
614 1017 673 1090 94.

347 1127 479 1205 Caulis
517 1143 574 1204 esc
612 1153 703 1228 pars
746 1125 1006 1215 adscendens,
1048 1123 1272 1224 centrifuga,

249 1265 367 1344 supra
390 1257 536 1318 terram
562 1239 781 1329 constituta,
795 1243 876 1343 'qui
894 1241 1160 1318 extensionem
1183 1239 1272 1316 lon·

251 1356 508 1454 gitudinalem
534 1379 651 1455 supra
676 1368 821 1431 terram
847 1356 1059 1432 continuat.
1113 1355 1208 1432 Nees
1223 1353 1272 1432 ab

249 1471 317 1548 Es.
342 1469 497 1548 Handb.
523 1472 560 1546 d.
583 1471 671 1547 Bot.
698 1473 730 1545 1.
751 1500 789 1572 p.
816 1474 897 1552 183.
1019 1461 1022 1469 ¹

349 1589 516 1660 Sursum
556 1584 709 1672 crescit,
748 1583 861 1686 quod
900 1582 1112 1659 crescendo
1156 1595 1273 1685 supra

250 1695 416 1800 planum
449 1697 696 1773 horizontale
728 1697 966 1774 adscendere
997 1697 1131 1774 tenditss
1188 1697 1274 1774 Pla·

252 1829 353 1888 num
385 1810 492 1886 istud
523 1811 770 1888 horizontale
802 1817 874 1913 p'er
910 1826 1089 1888 centrum
1119 1812 1274 1913 plantae

252 1927 429 2027 positum
461 1938 533 2014 est,
565 1925 636 2001 ubi
667 1926 788 2002 caulis
821 1951 1000 2014 sursum,
1025 1922 1135 2001 radix
1159 1924 1275 2002 deor-

253 2065 344 2116 sum
369 2039 513 2116 crescis

350 2154 482 2233 Caulis
508 2169 565 2231 est
587 2179 677 2254 pars
702 2152 940 2243 suffultoria,
970 2152 1169 2255 simulque
1185 2177 1274 2256 pars

253 2265 426 2344 'caudicis
451 2281 491 2345 ει
514 2267 679 2370 quidem
704 2267 956 2356 adscendens.

254 2449 326 2540 88.
387 2449 563 2543 Planta
605 2448 884 2540 secundum
927 2433 1120 2540 caulem
1158 2403 1274 2542 don-

316 2586 531 2680 siderata
575 2602 648 2680 est
684 2593 906 2706 unisundis
943 2604 1028 2681 aut
1057 2597 1181 2680 mulli
1202 2627 1275 2680 un·

317 2730 398 2830 dis,
433 2727 551 2818 dein
583 2735 792 2820 unicaulis
825 2740 909 2818 aut
938 2735 1194 2820 maritimum
1227 2742 1277 2821 et

319 2868 524 2986 quidem
575 2875 840 2989 simpliciter,
892 2880 982 2986 aut,
1029 2861 1276 2986 bisonnr'ter

316 3001 582 3101 multicanlzs.

353 3176 606 3254 Differentiae
645 3203 666 3254 e
702 3178 832 3277 Iungii
867 3182 1014 3278 nagog.
1045 3179 1276 3284 phytoscop.

257 3313 288 3362 c.
312 3291 346 3376 θ.
372 3294 405 3366 7.
431 3291 634 3368 desumtae
657 3294 780 3370 varias
804 3292 920 3368 hasce
944 3293 1094 3370 formas
1127 3297 1277 3396 optime

259 3397 513 3500 distinguunt„

336 3509 490 3593 ‘Plures
502 3517 646 3595 habere
662 3517 812 3595 fundos
830 3519 972 3596 dicitur
986 3520 1127 3622 planta,
1144 3520 1204 3596 vel
1222 3520 1275 3595 oh

259 3631 388 3719 caulis,
413 3631 473 3706 vel
496 3631 949 3709 radicisfecunditacem.
986 3636 1051 3712 Ob
1078 3632 1198 3709 caulis
1223 3631 1279 3708 ιε’-

259 3737 510 3832 cu'nditatem,
521 3748 558 3822 si
567 3745 696 3823 ‘caulis
714 3746 842 3849 aliqua
859 3759 947 3846 pars
959 3762 1103 3824 terram
1117 3748 1279 3823 aliamve

259 3861 413 3964 plantae
437 3851 574 3938 sedem
599 3863 790 3960 attingens
814 3884 943 3936 novus
966 3859 1118 3937 fundus
1142 3859 1212 3936 fiac
1241 3871 1282 3934 ει

258 3965 409 4054 radices
433 3976 640 4065 deorsum,
655 3975 818 4054 caulem
832 3997 1004 4052 ⁴sursum
1021 3975 1179 4052 emittar.
1213 3973 1279 4050 Ob

258 4090 400 4168 radicis
424 4087 845 4170 fecunditatem‘fundi
865 4089 1002 4192 plures
1027 4087 1279 4176 sunifrira·
