2852 4872
432 345 883 458 muncnuunra
1063 362 1172 459 ”aar

245 577 400 650 Desunt
433 575 477 650 in
513 574 714 654 radicibus
755 589 795 653 et
833 575 955 652 caulis
995 579 1172 679 partibus

150 687 426 766 subterraneis«

245 801 403 880 Adsunt
438 827 555 906 saepew
589 803 632 881 in
662 804 775 880 caule
804 803 976 903 juniore,
1000 807 1173 908 praeser-

149 915 222 990 tim
255 917 507 1004 succulento,‘
529 919 805 995 oblitterantur
835 922 878 995 in
911 919 1120 1002 arboribus
1135 941 1175 1007 et

147 1027 360 1109 fruticibus
387 1031 510 1129 (Rud.
535 1057 572 1132 p.
598 1036 654 1110 70.
681 1034 772 1130 71.).

247 1146 602 1247 Frequentissimae
633 1148 797 1222 suntin
829 1146 953 1236 soliis,
986 1175 1100 1254 saepe
1131 1155 1174 1230 in

150 1271 320 1358 utraque
368 1260 529 1362 pagina,
577 1273 616 1335 et
662 1260 828 1361 quidem
870 1263 1009 1340 eadem
1051 1269 1174 1368 copia.

152 1373 346 1473 Superior
380 1374 523 1474 pagina
557 1373 606 1448 iis
639 1389 742 1450 caret
772 1374 816 1448 in
848 1373 954 1452 foliis
991 1381 1176 1470 coriaceis

147 1487 344 1588 (exceptis
376 1485 631 1582 linearibus),
664 1489 706 1562 in
732 1489 942 1565 arboribus
967 1504 1005 1566 et
1028 1491 1175 1570 frutici·

149 1601 228 1676 bus
253 1601 354 1698 (exc.
379 1602 542 1686 palmis,
569 1602 774 1698 Syringa),
800 1605 1055 1703 Cyperoideis
1081 1609 1175 1704 (exc.

123 1711 127 1718 ’
153 1716 292 1815 Scirpo
325 1715 566 1809 maritimo),
616 1717 825 1792 Orchideis
849 1716 1061 1818 plerisque,
1086 1721 1177 1812 Fili-

154 1829 266 1904 cibus
299 1841 336 1904 et
373 1827 543 1925 Cycade,
577 1827 750 1926 aliisque.
817 1831 1011 1930 Superior
1036 1834 1177 1932 pagina

152 1943 355 2018 minorem
388 1943 544 2042 copiam
574 1941 707 2025 habet,
741 1942 783 2016 in
807 1946 1005 2021 Bromelia
1030 1949 1177 2034 Anaua,

153 2057 382 2144 Dictamno,
407 2055 667 2133 Hemerocalli
696 2055 800 2133 fulva
818 2071 887 2133 etc.
935 2057 1077 2139 Rarius
1093 2085 1176 2136 ma·

153 2167 281 2268 jorem
307 2172 461 2271 copiam
495 2172 623 2257 babet,
647 2184 694 2245 ut
717 2171 763 2244 in.
783 2173 957 2249 Primulo
983 2173 1177 2251 Auricula.

154 2285 348 2386 Superior
379 2285 520 2384 pagina
553 2284 636 2361 sola
670 2285 731 2362 bis
756 2285 944 2361 instructa
970 2298 1027 2362 e'st
1050 2288 1092 2362 in
1118 2286 1178 2363 lo-

154 2398 216 2473 liis
242 2399 463 2474 natantibus
496 2412 534 2473 et
562 2399 806 2500 resupinatis.
861 2402 907 2474 ln
932 2401 1068 2500 paucis
1092 2421 1178 2479 non

154 2513 414 2614 reperiuntur.
471 2511 583 2588 Folia
615 2513 779 2589 maculis
810 2513 941 2589 rubris
959 2511 1179 2612 'variegatae

157 2642 197 2704 et
220 2629 260 2701 in
286 2626 452 2730 maculis
476 2625 632 2704 babent.
680 2627 817 2727 Ligula
835 2641 939 2703 caret
961 2626 1057 2726 (Cfr.
1074 2627 1179 2706 ned.
1263 2725 1266 2733 Ι

155 2769 193 2844 P·
219 2746 276 2818 73·
302 2739 444 2840 seqq).
474 2782 480 2800 ¹
830 2765 833 2772 ’

255 2855 430 2956 stipulae
464 2866 502 2928 et
531 2853 718 2931 bracteae
739 2854 804 2930 his
832 2854 1044 2932 instructae
1078 2869 1180 2945 sunt,

156 2970 215 3047 uti
252 2968 362 3055 folia,
401 2981 438 3043 at
470 2969 661 3045 scariosae
691 2969 931 3072 plerumque
957 2969 1180 3048 destituun-

156 3089 224 3160 tur
247 3081 438 3181 (Grundl.
465 3081 501 3156 d.
527 3091 598 3160 An.
614 3111 659 3184 p.
686 3083 801 3180 lou).

253 3201 299 3273 In
331 3197 546 3298 perigoniis
578 3197 739 3284 adsunt,
754 3210 833 3274 aut
856 3197 898 3272 in
922 3211 1091 3300 utraque
1114 3221 1182 3300 pa-

154 3311 257 3410 gina,
283 3311 416 3389 autin
442 3313 648 3401 exteriore,
674 3311 820 3388 desunt
841 3311 1042 3390 tamenin
1067 3309 1182 3388 uariis

154 3426 247 3504 Allii
284 3425 499 3528 speciebus.
560 3427 607 3503 In
645 3427 773 3524 calyce
808 3413 969 3528 semper
999 3423 1083 3506 fere
1114 3424 1183 3502 ad-

156 3543 259 3628 'sunt
284 3553 324 3616 et
346 3540 388 3614 in
406 3539 602 3624 colorato;
627 3541 864 3643 plerumque
888 3541 931 3620 in
955 3538 1096 3644 pagina
1122 3561 1183 3618 er-

156 3655 317 3741 teriore,
350 3654 467 3730 etiam
499 3655 705 3742 interiore,
736 3652 769 3732 si
796 3653 903 3752 cal-yx
925 3667 1031 3769 patet
1055 3651 1183 3751 (liud.

159 3790 196 3868 p.
220 3773 277 3844 87.
302 3770 387 3864 88).
421 3770 513 3848 .Ubi
539 3769 671 3871 phylla
694 3783 795 3848 tecta
818 3783 922 3856 sunt,
946 3765 1118 3847 subinde
1139 3766 1183 3850 in

158 3881 344 3958 lateribus
368 3907 452 3973 non
479 3875 836 3984 deprehenduntur
858 3879 1121 3981 (Grundlehr.
1146 3877 1183 3956 d.

155 3997 270 4072 Anat.
294 4023 331 4097 p.
357 3997 474 4095 lob).
539 4002 585 4075 ln
619 3996 779 4074 corollis
802 3987 927 4074 rarius
953 4005 1186 4078 occurruott

156 4109 419 4187 inveniuntur
441 4111 613 4198 subinde
635 4113 836 4190 tamenin
853 4109 1012 4190 corollis
1032 4107 1186 4210 magnis

813 4229 888 4302 15*
