2852 4872
188 341 190 346 ’
252 383 330 457 aas
675 379 861 458 roma.

255 579 437 656 diveisaa·
462 581 861 681 Plerumque‘t‘amen
887 577 1003 654 aliam
1027 577 1176 654 habent
1190 573 1279 653 ner·

118 773 121 786 ,
253 719 398 780 vorum
424 695 744 772 distributionem
770 719 814 770 ae
838 691 932 770 folia
959 689 1137 791 ejusdem
1167 690 1280 794 plan-

175 855 176 858 π
253 826 330 898 tae,
362 835 434 886 nec
466 835 550 885 non
584 809 741 885 cellulas
766 806 1032 908 :epidermidis
1055 805 1186 883 forma
1211 831 1279 907 pa-

253 951 345 1001 rum
368 925 551 1000 diversas.
600 923 807 1000 Interdum
832 948 972 1022 parvae
997 936 1090 998 sunt
1115 936 1182 997 aut
1205 920 1279 995 mi-

254 1039 388 1114 nimae¹
412 1053 450 1114 et
472 1037 650 1138 mutilae,
667 1053 744 1115 aut
768 1039 912 1112 harum
936 1037 1036 1122 loc‘o·
1054 1036 1189 1136 spinae
1220 1060 1280 1110 re-

254 1154 472 1256 pariuntur,
494 1155 599 1229 utin
616 1154 788 1229 Robinia
809 1150 1147 1246 Pseudo-'Acacia
1187 1154 1279 1224 Per·

255 1269 398 1344 sistunt
422 1276 514 1344 cuin
539 1265 672 1355 soliiss
687 1281 754 1341 aut
778 1271 868 1366 post
894 1265 1194 1365 explicationem
1213 1263 1279 1338 de-

256 1381 427 1468 cidunt,
449 1396 516 1458 aut
547 1381 652 1457 dum·
673 1381 914 1481 explicantur
937 1371 1175 1477 (caducae).
1216 1381 1279 1452 In-

254 1495 414 1571 terdum
438 1515 545 1571 cum
580 1495 730 1596 petiolo
765 1505 1043 1580 concrescunt,
1075 1519 1095 1567 a
1129 1489 1278 1593 petiolo

256 1610 358 1686 alato
381 1608 702 1702 distinguendae,
736 1608 848 1710 quod
878 1609 953 1683 hic⁴
976 1619 1067 1710 post
1090 1605 1281 1714 laminam'

256 1721 357 1810 folii,
393 1723 482 1798 illae
515 1749 608 1798 vero
644 1738 732 1798 ante
766 1721 859 1798 folia
885 1722 1131 1808 evolvantur,
1170 1718 1280 1794 unde

257 1838 338 1913 alae
355 1867 357 1872 ·
374 1837 608 1937 stipulaceae
635 1837 834 1914 dicendae.
898 1837 1152 1937 stipularum,
1186 1859 1278 1909 cum

256 1977 413 2052 semper
441 1953 558 2028 binae
590 1953 783 2040 oriantur,
806 1952 961 2050 singula
985 1949 1040 2026 ad
1061 1963 1279 2050 utrumque

255 2065 356 2142 latus
381 2065 471 2142 folii
494 2071 620 2154 enata,
645 2080 760 2167 typus
787 2066 868 2141 alae
893 2063 1291 2167 stipulaceae'videnn

256 2195 338 2268 tur,
363 2181 454 2256 loco
481 2181 712 2277 vaginarum
730 2193 882 2256 enatae.
1183 2237 1186 2242 ·

263 2331 310 2368 μ,
341 2294 691 2395 ἈὼΡειηρὴγΗίἃ
723 2295 921 2394 pertinent
952 2291 1044 2369 folia
1071 2293 1113 2370 in
1139 2292 1280 2390 germi-
1410 2381 1411 2388 ἵ

256 2411 417 2485 natione
440 2408 609 2490 Filicum
635 2419 723 2482 ante
748 2407 899 2506 reliqua
932 2407 1186 2504 emergentia,
1218 2406 1280 2482 his
1410 2405 1411 2408 ’

258 2537 451 2598 structura
478 2522 686 2614 simillima,
721 2521 791 2596 sed
824 2518 950 2617 figura
976 2519 1094 2619 longe
1119 2520 1280 2606 diversa,
1410 2535 1411 2618 j

182 2699 186 2709 .
256 2637 494 2738 plerumque
518 2635 681 2711 ‚dilatata
715 2650 752 2710 et
785 2633 1023 2736 expetiolata.
1080 2633 1280 2732 Acotyle-

259 2751 433 2828 donibus
459 2767 528 2826 seu
543 2748 659 2826 ¹foliis
676 2750 932 2826 seminalibus
950 2746 1151 2836 differunt,
1169 2746 1281 2850 quod

259 2865 330 2941 diu
354 2867 576 2967 persistant,
603 2878 641 2939 et
664 2888 794 2938 unum
818 2876 910 2964 post
935 2861 1100 2938 alterum
1129 2887 1280 2938 enasca-

256 2993 336 3066 tur,
377 2995 462 3056 uno
504 3002 641 3069 rursus
681 2993 774 3080 post
816 2979 982 3052 alterum
1006 2991 1280 3052 evanescente.

256 3092 435 3184 Eandem
468 3119 561 3169 vero
595 3091 845 3185 functionem
880 3090 1021 3192 procul
1055 3091 1182 3192 dubio
1213 3091 1282 3166 ha-

256 3205 370 3280 bent·
425 3208 758 3284 Marchantiarum
792 3220 860 3282 aut
889 3205 1113 3282 Ricciacum
1146 3205 1282 3283 frondi

258 3309 456 3394 simillima
482 3345 596 3421 saepe
622 3323 889 3397 observantur.

353 3437 446 3508 Non
472 3434 605 3508 minus
631 3435 710 3510 huc
738 3435 934 3535 pertinent
957 3431 1051 3509 folia
1076 3434 1147 3508 ista
1175 3433 1282 3510 Con-

256 3544 373 3622 servis
397 3547 596 3622 simillima
623 3563 661 3622 et
684 3573 771 3648 pro>
786 3545 992 3623 Conservis
1017 3547 1212 3626 venditata
1237 3547 1281 3622 in

256 3661 412 3740 Muscis·
429 3662 543 3738 obvia
570 3675 607 3737 et
631 3684 788 3760 semper
805 3675 894 3735 ante
910 3660 1061 3764 reliqua
1078 3658 1172 3738 folia
1192 3686 1280 3738 cau-

255 3777 384 3854 lemve
417 3776 650 3880 apparentia.
708 3778 832 3875 Saepe
863 3798 1013 3852 sauna
1038 3777 1137 3854 serie
1163 3775 1282 3852 cellu-

257 3892 387 3968 larum
432 3904 588 3967 tantum
637 3887 854 3992 composita
898 3903 991 3965 sunt
1032 3889 1122 3989 (cfr.
1150 3893 1246 3967 122.
1254 3888 1280 3984 ).

257 4010 291 4084 Α
329 4003 631 4104 cotyledonibus
669 4029 740 4085 seu
775 4001 881 4080 sotiis
918 4005 1175 4082 seminalibus
1214 4027 1279 4080 eo·

258 4120 351 4199 dem
383 4117 512 4196 mddo
545 4117 746 4206 differunt,
771 4141 855 4220 quo
881 4117 1051 4197 Filicum
1075 4117 1309 4232 pamphyl-x
