2848 4888
270 361 318 436 ao
379 343 382 350 '
654 359 902 436 inaura,

269 557 437 662 piendos
461 559 586 657 magis
610 581 785 662 pronum
810 552 951 644 reddit
976 565 1015 632 et
1040 567 1182 644 estant
1198 575 1294 630 con-

269 673 442 772 genitus,
466 687 534 750 aut
557 673 778 776 acquisitus.
826 670 900 748 Hic
925 682 992 756 est,
1009 693 1132 768 quem
1147 667 1293 754 Medici

255 810 428 873 ¹causam
468 788 601 863 morbi
641 797 837 863 remotam
875 797 943 860 aut
977 785 1295 884 proigumenam

268 903 426 986 vocant;
452 900 566 977 aliam
593 923 880 987 vero-causam,
897 895 1196 984 occasionalem
1223 921 1296 974 seu

204 1108 206 1116 Α
267 1014 626 1117 procatharcticam.

364 1128 625 1230 operationes
657 1129 700 1203 in
737 1149 906 1227 corpore
943 1125 1296 1228 praeternaturales

269 1242 413 1322 alienas
444 1241 676 1344 producunt
707 1241 944 1317 secretiones
970 1255 1008 1318 et
1050 1240 1295 1316 assimilatio·

268 1382 348 1433 nes.
406 1356 470 1433 Sic
500 1355 631 1444 color,
666 1354 787 1442 odor,
819 1378 939 1456 sapor
969 1355 1012 1429 in
1036 1354 1180 1456 plantis
1204 1379 1295 1430 mu·

267 1485 416 1559 tantur,
440 1483 569 1572 partes
595 1469 780 1546 duriores
804 1467 922 1557 fiunt,
947 1469 1179 1557 teneriores,
1211 1494 1295 1546 ver·

258 1609 385 1669 ¹ruram
417 1584 604 1662 oriuntur
637 1597 675 1660 et
705 1583 777 1660 alia
809 1581 966 1669 similia,
997 1606 1100 1682 quae
1125 1580 1175 1659 ad
1201 1581 1295 1660 effe-

268 1714 354 1778 ctus
385 1696 641 1784 functionum
654 1696 1058 1798 ⁴praeternaturalium
1088 1697 1294 1796 pertinent

266 1809 477 1911 Ejusmodi
510 1812 763 1914 alienationes
787 1807 1005 1916 interdum
1023 1835 1117 1886 curn
1141 1811 1295 1888 morbis

268 1923 502 2024 conjunctae
527 1939 628 2014 sunt,
655 1951 686 2005 e.
712 1947 746 2022 g.
772 1925 939 2001 excretio
958 1925 1064 2001 succi
1082 1924 1294 2024 gummosi,

165 2099 167 2104 -
268 2039 471 2116 interdum
508 2063 602 2115 vero
639 2038 823 2127 minime,
862 2064 893 2114 e.
926 2060 960 2136 g.
990 2037 1087 2114 solia
1117 2038 1294 2137 margine

268 2153 359 2230 albo
397 2151 591 2255 flavoque.
654 2153 719 2229 Sic
734 2163 737 2168 ’
754 2153 796 2227 in
831 2151 1067 2228 animalibus
1097 2153 1197 2228 cutis
1227 2150 1294 2230 de·

267 2266 486 2344 formitates
511 2266 644 2342 morbi
669 2274 764 2342 sunt
786 2289 860 2341 nec
885 2289 946 2342 ne.

365 2385 485 2459 Actus
516 2379 782 2481 propagatorii
819 2380 1029 2481 praecipue
1059 2380 1294 2458 variationes

270 2493 459 2572 efficiunt.
518 2495 644 2571 Causa
676 2493 821 2569 harum
852 2495 1115 2572 variationum
1147 2510 1215 2579 aut
1250 2496 1293 2571 in

269 2610 357 2711 ipso
384 2607 645 2706 generationis
669 2621 877 2684 momento
902 2609 1030 2711 posita
1055 2621 1127 2698 est,
1159 2610 1293 2686 autin

269 2724 333 2811 iis,
367 2745 469 2823 quae
494 2734 582 2796 ante
607 2719 707 2798 illud
732 2721 930 2810 accidunt,
961 2736 1045 2811 aut,
1078 2747 1180 2825 quae
1203 2737 1295 2826 post

268 2834 379 2912 illud.
442 2835 484 2912 Si
522 2834 682 2912 variatio
721 2834 917 2935 ejusmodi
960 2851 1033 2924 est,
1069 2851 1116 2912 ut
1148 2860 1293 2940 corpus

270 2963 337 3026 aut
368 2947 451 3048 eius
475 2971 581 3050 pars,
614 2973 754 3050 scopo,
781 2951 844 3028 cui
869 2949 962 3026 alias
988 2948 1177 3028 destinata
1203 2965 1293 3041 erat,

269 3078 355 3164 apta
380 3087 466 3140 non
491 3062 555 3150 sit,
579 3067 898 3142 monstrositatem
920 3088 1121 3142 vocamus.
1171 3066 1213 3142 Si
1230 3091 1293 3142 va-

163 3181 171 3188 “
269 3177 383 3254 riatio
408 3190 541 3253 exorta
557 3199 630 3277 per
644 3177 778 3278 plures
796 3178 1068 3277 generationes
1088 3194 1295 3281 permanet

269 3304 308 3368 et
345 3289 507 3367 difficile
544 3289 595 3366 ad
638 3305 779 3393 typum
821 3291 1041 3381 reducitur,
1084 3296 1293 3372 varietatem

163 3489 165 3498 ,
267 3404 364 3500 inde
390 3404 484 3482 oriri
511 3401 690 3480 dicimus.
745 3404 917 3482 Variatio
948 3407 991 3482 in
1015 3408 1183 3484 morbos
1208 3431 1291 3484 non

267 3511 423 3608 transit,
460 3517 536 3596 nisi
572 3515 692 3622 partis
722 3515 884 3594 allectae
917 3517 1069 3598 functio
1094 3522 1200 3598 ritae
1224 3545 1292 3598 nea

267 3633 430 3710 cessaria
462 3630 606 3710 fueritn-
644 3633 919 3712 Monstrositas
949 3633 992 3710 in
1021 3649 1132 3738 parte
1161 3636 1292 3714 mino-

265 3746 319 3822 ris
357 3747 551 3824 momenti
590 3744 641 3824 ad
679 3746 798 3822 vitam
835 3749 996 3826 varietas
1033 3749 1119 3828 fieri
1147 3765 1291 3854 potest.

266 3859 532 3938 alienationes
553 3859 760 3940 interdum
784 3875 961 3942 monstra
986 3878 1178 3944 vocantur
1201 3889 1233 3944 e.
1255 3889 1289 3966 a

265 3973 384 4085 flores
410 3975 563 4078 pleni
625 3983 643 4039 -‘
683 4006 686 4018 ·
