2840 4878
272 367 344 442 na
424 301 427 314 ¹
680 363 880 446 naum

270 589 412 644 raneos
443 562 668 670 proferente
699 579 865 643 succum
897 584 1139 644 conservare*
1161 564 1296 643 riden-

269 697 344 762 tur.
400 686 448 760 In
479 677 879 776 Monocotyledoneis
912 681 1094 766 'constant¹
1126 704 1147 756 e
1185 679 1297 762 fasci-

270 795 369 874 culis
393 795 556 894 lignosis
579 817 652 895 per
676 806 904 869 contextum
923 791 1166 871 ‚cellulosum
1187 821 1296 896 sepa-

268 913 387 988 ratim
418 908 723 986 excurrentibus.
790 911 892 984 Sunt
921 907 1123 1007 globosae,
1155 910 1295 998 orales,

269 1026 483 1123 oblongae,
506 1021 745 1124 plerumque
769 1021 853 1097 basi
878 1037 920 1098 et
942 1023 1051 1124 apice
1074 1023 1296 1100 inradicu⁴

267 1141 349 1218 lam
373 1137 535 1239 reliquis
560 1159 644 1212 non
662 1135 894 1212 crassiorem
910 1150 1165 1227 transeuntes,
1185 1139 1294 1216 made

267 1252 475 1358 pendulae.
521 1249 766 1350 Exemplum
803 1250 968 1326 babes
957 1276 1001 1327 in
1032 1251 1294 1332 Hemerocalli

268 1367 369 1446 flava
399 1380 468 1442 etc.
523 1362 734 1464 Ejusmodi
765 1362 1004 1442 radiculae
994 1391 1074 1463 Jam
1100 1367 1156 1445 ab
1174 1366 1308 1500 inicio·

270 1509 292 1562 a
316 1464 480 1584 reliquis
502 1477 678 1556 medulla
704 1478 906 1556 diffemna
1255 1541 1257 1546 .

365 1601 412 1675 In
444 1593 767 1724 Dicotyledoneis
797 1592 1018 1670 medullam
1048 1593 1245 1673 babenl'
1233 1617 1294 1674 rn

162 1781 168 1800 ,
270 1725 486 1794 crassatam.
511 1713 612 1786 Sunt
622 1733 728 1784 vana
740 1705 880 1795 forma,
894 1707 1139 1806 cylindricae,
1153 1708 1295 1786 oblon-

269 1851 354 1926 gae,
381 1823 511 1902 ovales
537 1837 575 1898 et
598 1822 787 1920 globosae
812 1835 850 1898 et
874 1847 989 1924 saepe
1013 1822 1221 1924 pendulae,
1248 1834 1294 1900 ut

268 1943 312 2020 in
335 1937 743 2035 Monocotyledoneis.
794 1941 902 2013 Tum
926 1961 1020 2013 vero
1048 1952 1086 2014 et
1111 1939 1158 2014 ab
1175 1938 1292 2014 initio

268 2053 507 2132 medullares
537 2064 639 2126 sunt,
686 2051 925 2152 Exemplum
948 2053 1111 2153 praebet
1135 2053 1293 2156 Spiraea

142 2165 143 2176 ’
267 2164 528 2273 Filipendula.

366 2279 646 2358 RJn'zomotoaia
683 2275 746 2366 fit,
783 2278 816 2353 si
853 2277 1031 2356 medulla
1062 2304 1083 2356 e
1115 2279 1226 2357 caule
1249 2281 1293 2356 in

267 2397 444 2476 radicem
466 2406 660 2496 penetrat,
685 2417 853 2494 eamque
877 2393 960 2468 basi
984 2392 1029 2468 in
1046 2395 1200 2473 caulem
1215 2395 1292 2471 vel·

268 2513 327 2588 uti
353 2522 498 2596 mutat,
522 2507 580 2584 uti
606 2531 725 2608 supra
748 2504 829 2604 jam
854 2505 1005 2582 dictum
1030 2523 1097 2584 est„
1153 2511 1197 2584 In
1223 2511 1294 2586 Di·

269 2621 539 2723 cotyledoneis
570 2620 745 2698 medulla
776 2621 821 2696 in
843 2620 1028 2698 medium
1051 2622 1148 2722 ligni
1173 2649 1293 2725 pene-

267 2753 345 2816 arat
374 2736 558 2838 illudque
590 2737 701 2838 quasi
734 2735 920 2824 exlendit,
961 2761 1113 2814 conum
1152 2739 1294 2814 sistens

266 2855 370 2930 intra
401 2851 557 2951 lignum
587 2851 790 2926 insenum.
852 2855 1058 2952 Frequens
1099 2867 1157 2929 est
1195 2853 1293 2929 haec

267 2967 435 3044 mutatio
485 2965 529 3041 in
575 2964 776 3041 radicibus
814 2965 1047 3053 biennibus,
1087 2965 1293 3044 interdum

268 3104 433 3182 quoque
472 3080 724 3180 perennibus.
800 3083 848 3157 In
893 3078 1293 3175 Moneootyladoneis

268 3194 346 3269 alio
372 3192 499 3268 modo
524 3193 568 3268 id
592 3192 679 3268 fieri
705 3192 815 3269 solea
861 3191 1052 3280 Fasciculi
1076 3192 1220 3291 lignosi
1246 3196 1295 3270 in

268 3305 463 3385 circulum
487 3307 606 3408 positi
633 3320 726 3382 sunt
748 3307 850 3383 intra
875 3320 1103 3383 contextum
1129 3307 1292 3385 cellula-

267 3445 353 3498 sam
388 3434 515 3496 totam
543 3418 767 3496 radiculam
807 3434 1054 3521 occupantes.
1119 3425 1208 3500 Hoc
1247 3424 1292 3498 in
1377 3459 1381 3467 ·

265 3534 413 3614 Palmis
449 3531 542 3609 vidi.
602 3535 735 3611 Prima
758 3533 850 3633 ,jam
889 3548 1010 3610 aetate
1046 3533 1125 3612 boc
1161 3535 1290 3612 modo

268 3661 514 3728 constructae
537 3646 732 3734 videntur,
758 3661 797 3722 et
822 3646 986 3724 demum
1010 3648 1102 3724 loco
1125 3649 1295 3726 aliarum·

266 3763 534 3841 radicularum
558 3760 728 3859 vulgaris
751 3759 906 3838 formae
931 3787 1159 3840 excrescere.
1227 3807 1230 3814 ·

266 3962 363 4056 83.-
399 3963 623 4054 Rhizoma
641 3955 648 3964 ’
665 3972 739 4050 est
778 3959 911 4054 basis
954 3939 1108 4060 caulis
1157 3961 1294 4054 intra.

286 4110 517 4218 *terram
551 4099 792 4192 demersa.
898 4121 902 4134 ·
1403 4097 1404 4104 ‘

1194 4235 1289 4312 Rhi-
