2852 4872
232 392 309 471 286
656 391 823 470 FLOS

233 585 400 670 stamina
428 587 638 690 hypogy'na
667 587 852 692 *habeant
891 588 1254 688 'Peiigyna'suicte

235 707 291 782 sic
324 703 426 780 dicta
457 703 585 804 posita
615 710 735 791 sunt,'
755 703 828 780 ubi
851 701 1114 805 hypauthium
1140 727 1161 778 a
1185 719 1253 804 pc·-

234 817 406 896 rianthio
432 816 592 905 secedit,
616 831 656 894 et
679 816 827 895 coculla
843 817 985 896 inserta
1003 815 1253 918 conspicituu.

235 937 282 1012 ln
307 930 476 1034 apetalis
490 949 604 1032 saepe
625 930 835 1032 perigonio
861 931 1062 1032 imposita
1060 945 1163 1012 sunt
1188 945 1254 1007 aut

234 1051 336 1134 imo,
354 1047 446 1121 aut
466 1043 620 1135 medio
654 1057 730 1120 aut
751 1068 923 1122 summo.
959 1045 1145 1174 Epigyna
1170 1068 1254 1142 ger

235 1162 334 1240 mini
357 1161 552 1235 insistunt.

263 1275 553 1353 'Alterna're
550 1297 660 1348 cum
681 1271 854 1361 casella,
881 1274 1061 1374 opposita
1088 1295 1171 1350 esse
1196 1297 1254 1349 ca-

235 1300 326 1488 lyci,
358 1413 477 1488 supra
507 1384 586 1484 jam
619 1385 798 1464 diximus.
852 1387 1254 1485 Estsitustvulgatus,

236 1506 356 1582 situm
391 1500 670 1578 verticillatum'
701 1511 747 1577 ct·
776 1501 1031 1578 alternantem
1051 1499 1255 1580 ‘foliorum

236 1617 419 1696 reserens.
466 1619 516 1692 At
541 1615 665 1690 maiae
684 1614 864 1692 accidere·
880 1629 1052 1717 possum
1063 1617 1255 1716 exceptio·

237 1758 316 1809 nes.
370 1723 423 1806 'Si
461 1728 609 1805 corolla
643 1727 777 1804 deficit
808 1744 847 1805 et
878 1730 983 1828 calyx
1014 1729 1255 1810 corollaceus

238 1847 373 1933 evasit,
404 1844 577 1920 corollae
610 1842 795 1920 videntur
827 1843 1016 1945 opposita.
1075 1845 1115 1920 Si
1146 1869 1255 1945 para-

236 1959 361 2062 petala
395 1956 554 2044 adsunt,
587 1981 680 2032 cum
711 1956 773 2031 his
797 1958 962 2032 stamina
988 1956 1193 2044 alternant,
1219 1970 1257 2032 et

235 2073 338 2150 hanc
362 2072 416 2148 ob
442 2096 527 2147 rem
545 2070 1002 2172 corollae-opponuntur.
1049 2072 1255 2148 Interdum

237 2209 401 2290 quoque
424 2183 697 2290 multiplicatio
721 2185 909 2262 naturalis
934 2185 1068 2262 adesse
1091 2183 1256 2272 videtur,

237 2315 276 2376 et
299 2301 392 2376 hinc
417 2299 580 2374 stamina
605 2296 833 2398 parapetalis
851 2300 1002 2400 opponi
1018 2299 1070 2375 ita
1086 2313 1132 2375 ut
1146 2325 1256 2400 para-

236 2415 411 2516 petalum
444 2412 626 2490 staminis
652 2410 849 2514 appendix
878 2413 942 2501 sit,
969 2427 1036 2492 aut
1058 2428 1256 2516 parapeta-

236 2527 323 2623 lum
353 2524 673 2638 multiplicatum,
706 2527 893 2602 interiore
916 2527 961 2602 in
986 2542 1137 2621 stamen
1162 2552 1257 2603 con-

237 2639 359 2727 verso,
385 2638 533 2740 quod
522 2659 564 2713 ιιι
577 2639 799 2741 Epimedio
825 2631 1028 2718 accidisse
1036 2640 1256 2746 putaverim

235 2755 305 2831 ubi
332 2753 479 2830 corolla
505 2753 651 2841 deficit,
678 2767 746 2830 aut
770 2754 813 2829 in
837 2755 1049 2832 Becheride
1073 2757 1144 2832 ubi
1169 2757 1256 2832 bra·
1341 2767 1347 2782 '

237 2873 354 2945 stete·
374 2867 543 2966 calycem
574 2867 771 2957 formant,
810 2870 976 2967 calyx:
947 2895 1003 2946 stc
1032 2867 1160 2950 dictus
1192 2893 1257 2945 co-

192 2995 195 3000 ·
236 2983 354 3060 rolla¹
377 2997 448 3070 est,
491 2983 629 3084 petala·
655 3008 758 3062 vero,
788 2984 1007 3085 parapetala
1038 2997 1146 3070 sunt,
1165 2995 1257 3060 ‘sta-

236 3096 344 3171 mina
370 3096 613 3198 appendices.
671 3098 798 3174 Simili
830 3097 957 3174 modo.
989 3097 1257 3199 parapetalum

236 3209 475 3309 Asclepiadis
490 3219 807 3310 pacastemanem
833 3211 978 3288 exsatt.
1013 3212 1256 3290 Fasciculata

236 3320 413 3398 tandem
406 3324 586 3402 stamina
610 3351 697 3426 pro
700 3326 875 3479 singulis
899 3326 1091 3486 ιιιιιιιιιάι
1103 3328 1256 3428 (Spem

236 3435 444 3587 mannia)

288 3553 533 3630 Numerus
556 3554 772 3650 staminum
796 3553 935 3630 varius.
991 3551 1145 3632 Reduci
1169 3565 1257 3656 pat·

239 3611 296 3741 cst
332 3663 405 3741 ad
420 3665 645 3767 ptimitivos
677 3667 910 3757 ternarium,
934 3669 1257 3770 quaternarium

238 3769 480 3892 quilianum,
504 3778 674 3880 majores
698 3781 855 3858 numeri
882 3807 904 3858 e
929 3783 1106 3862 seriebus
1123 3784 1258 3860 multi

235 3885 385 3993 plicatis
410 3893 603 3983 emuntur,
626 3895 805 3974 minores
830 3919 852 3972 e
875 3895 1049 3974 defectu..
1094 3904 1258 3992 Quater

236 4008 370 4086 nasius
396 4022 462 4086 aut
485 4009 707 4112 primitivus
733 4024 805 4098 est,
829 4012 888 4090 uti
914 4021 1017 4090 certe
1040 4013 1258 4092 inRubia-

237 4120 331 4208 cais,
365 4133 443 4200 aut
464 4123 678 4203 defectivus
706 4131 754 4205 'ut
780 4127 823 4204 in
854 4126 1044 4206 Labiatis.'
1081 4129 1185 4208 Nam
1214 4129 1258 4204 iri
