2748 4866
315 319 388 394 lod
643 315 1010 396 GEOLOGIGA.

319 514 486 593 invicem
517 527 704 593 remotae.
768 505 1130 615 Distinguendum,¹
1158 537 1203 590 an
1228 511 1296 610 eius

317 629 432 706 modi
457 630 626 708 semotio
651 628 856 732 plagarum
881 656 903 708 a
928 627 1015 706 solo
1042 627 1236 716 efficiatur,
1256 641 1298 702 aut

319 745 368 820 ab
406 743 622 822 elevatione
657 769 776 846 supra
804 766 934 833 mare,
971 767 1022 819 an
1055 744 1104 819 ab
1130 741 1196 818 alia
1219 765 1298 816 causa

318 856 527 956 incognita.

416 972 723 1075 Cryptophyta
712 999 754 1050 rn
785 970 1060 1052 remotissimis
1091 969 1267 1069 deguntp
1268 967 1300 1041 la·

317 1083 394 1184 gis,
418 1081 616 1185 Agerinus
652 1087 891 1186 sanguineus
932 1091 975 1164 iu
1010 1086 1143 1174 Asiae,
1180 1083 1300 1166 Africae,

317 1199 520 1278 Americae
551 1199 685 1277 calidis
714 1202 945 1300 regionibus
977 1215 1016 1278 et
1046 1197 1242 1301 Hispania,
1263 1195 1300 1270 ti·

318 1311 462 1389 chenes
494 1313 588 1390 varii
618 1313 662 1389 in
692 1313 859 1391 Peruvia
883 1327 924 1391 et
947 1311 1154 1414 Hispania,
1176 1307 1301 1387 Penicil·

317 1423 418 1500 lium
443 1425 629 1524 glaucum
659 1427 842 1507 Holmiae
867 1442 907 1504 et
922 1427 971 1502 in
998 1427 1095 1504 Oasi
1119 1423 1217 1504 lovis
1242 1426 1301 1501 An·

317 1539 460 1616 monis.
524 1543 586 1618 An
624 1567 707 1645 quo
744 1541 869 1640 magis
904 1539 1114 1648 perfectae·
1139 1560 1186 1618 eo
1215 1534 1301 1632 magis

319 1667 446 1732 arctos
472 1671 605 1732 amant
628 1657 796 1733 limites?

413 1767 679 1848 lndicandum
713 1794 762 1846 an
792 1767 947 1872 plantae
980 1765 1164 1866 ejusdem
1200 1760 1300 1868 speciei

177 1969 181 1982 ,
315 1881 359 1958 in
384 1882 495 1983 plaga
521 1885 695 1984 quadam
720 1886 882 1989 copiose
905 1883 1153 1986 proveniant,
1170 1905 1216 1957 an
1233 1903 1300 1980 spar-

317 1997 395 2072 sim
420 2021 492 2072 scu
522 1997 668 2097 passim
700 1999 759 2074 uti
791 1997 916 2097 ajunt,
948 2021 999 2072 an
1030 1996 1223 2096 gregariae
1247 1992 1300 2075 sint

317 2133 368 2186 an
401 2109 607 2190 solitariae.
663 2110 824 2189 Plantae
856 2112 1039 2213 copiosae
1073 2135 1159 2187 non
1189 2127 1300 2206 semper

315 2223 513 2322 gregariac
544 2239 644 2302 sunt
700 2229 795 2302 Nou
819 2225 953 2302 solum
979 2251 1000 2301 e
1026 2225 1153 2300 causis
1178 2218 1299 2298 externis

316 2337 476 2440 pendet,
500 2361 550 2413 an
574 2339 729 2441 plantae
753 2339 951 2440 gregoriae
976 2339 1063 2426 sint,
1090 2362 1162 2414 nec
1187 2360 1240 2423 ne,
1260 2327 1299 2408 sel

317 2464 502 2528 enatura
526 2453 697 2552 plautae,
722 2477 825 2555 quae
850 2451 973 2531 dense
1007 2453 1160 2541 crescit,
1192 2449 1298 2526 solun·

302 2588 397 2666 ·que
422 2564 592 2641 exsiccat

415 2678 590 2774 Quidam
616 2677 775 2756 ordines
799 2678 842 2754 iu
860 2677 1105 2782 quibusdam
1121 2679 1237 2783 plagis
1250 2699 1299 2752 ma·

316 2793 470 2872 ximum
501 2793 647 2870 habent
678 2807 934 2895 proventum,
965 2793 1009 2870 in
1035 2794 1124 2870 aliis
1150 2793 1300 2892 deliques-

317 2922 427 2996 cunt,
452 2907 494 2983 in
521 2906 604 2984 aliis
629 2921 961 3010 repraesentantes
985 2907 1044 2985 uti
1071 2905 1189 3006 ajunt,
1210 2917 1299 2982 osten

317 3022 421 3100 dunt
452 3035 490 3099 et
520 3021 757 3098 substitutas
813 3022 949 3100 Ericae
981 3045 1166 3124 capenses
1193 3019 1299 3095 habeut

286 3221 290 3228 ,
316 3148 648 3236 repraesentantes
672 3135 714 3211 in
738 3137 899 3239 Europa
923 3137 1156 3238 praesertim
1184 3120 1298 3212 australi

319 3261 358 3323 et
387 3251 440 3322 Pr
443 3261 622 3326 oteaceae
655 3249 839 3326 australes
876 3249 1105 3376 substitutas
1139 3241 1299 3392 Coniseras

317 3359 505 3438 boreales
588 3371 590 3376 ’

413 3479 645 3552 Accuratam
671 3476 993 3558 distributionem
1026 3477 1215 3556 variatum
1244 3486 1301 3568 spt-

320 3571 483 3682 cierum,
498 3611 699 3688 generum,
716 3591 907 3668 ordinum
924 3593 1104 3706 exposuit
1120 3590 1277 3670 Schouw.

290 3772 292 3777 ’
318 3757 429 3844 930,
452 3755 680 3846 Stottttz‘ca
689 3759 947 3873 ploratorum
963 3756 1167 3878 exponit
1181 3737 1298 3842 distri·

377 3891 644 3982 butionem
666 3895 954 4013 plantarum
970 3881 1298 3987 secundumn·

376 4031 548 4144 giones
570 4061 660 4125 seu
679 4033 844 4153 plagas
865 4037 1059 4155 plantas
1081 4035 1281 4126 ferentes.
