2840 4878
277 369 349 448 ΒΒΒ
602 327 979 448 ΒΒΒΒΒΒΒΒΒ

275 573 453 664 Secutus
475 580 533 644 est
557 563 808 670 Sprengelius
826 517 903 663 (V.
926 569 1072 673 Baup.
1097 570 1180 714 423.
1213 561 1300 656 Ant

260 682 345 762 Ed.
368 686 403 758 2.
427 709 464 784 p.
487 681 581 779 25..)
670 721 674 728 ·
705 721 709 729 ·
806 722 810 730 ‚

371 800 477 875 Cum
500 794 727 893 longissima
752 792 831 902 sint
853 793 996 873 haecce
1012 823 1110 886 vasa,
1134 797 1298 874 celerius
1381 789 1384 805 ’

206 962 214 974 ,
259 912 315 992 ¹iu
342 911 437 1012 ipsis
468 934 609 986 succus
641 907 880 986 adscendere
910 926 1049 1043 potest.
1097 908 1298 1012 Frequen-

271 1027 428 1104 tissima
452 1039 545 1101 sunt
572 1023 616 1099 in
649 1025 794 1100 cortice
824 1024 1023 1101 ἱΒΒΒΒίοΒΒ
1039 1039 1077 1102 et
1100 1026 1208 1124 ligno
1235 1049 1297 1102 er-

270 1139 424 1250 teriore,
449 1138 545 1215 ubi
544 1138 715 1215 maxima
741 1138 853 1240 copia
879 1164 984 1216 succi
974 1139 1192 1238 'adsurgit;
1219 1139 1296 1215 dis-

269 1235 503 1354 tribuuntur
531 1277 604 1356 per
633 1251 840 1329 fasciculos
871 1251 1091 1352 lignosos'
1079 1279 1122 1330 in
1154 1279 1294 1330 omnes
1327 1247 1330 1254 ’

269 1377 418 1475 partes
431 1394 532 1471 quae
563 1388 682 1444 succo
715 1367 880 1444 nutritio
904 1367 1115 1468 indigent.
1139 1371 1190 1446 Et
1213 1365 1294 1444 vidi

268 1486 424 1584 liguum
455 1497 494 1560 et
522 1483 742 1572 medullam
766 1483 858 1582 gelu
883 1482 1094 1574 destructa,
1118 1479 1214 1562 folia
1230 1496 1294 1558 ta-

267 1625 365 1678 men
396 1598 594 1700 explicata
627 1598 720 1712 quie
745 1611 877 1694 cortex
900 1599 1051 1694 integer
1073 1595 1293 1698 perstiterit,

267 1699 339 1792 ubi
370 1713 479 1790 ΒΒΠΒ
511 1737 600 1788 vasa
632 1695 796 1814 spiralia.
853 1713 1123 1810 Parenchyma
1146 1712 1290 1788 vehere

207 1875 211 1882 ·
269 1849 409 1908 succos
443 1827 628 1904 nutritios
657 1826 720 1904 vix
750 1825 1013 1913 credendum,
1045 1849 1139 1901 cum
1170 1826 1291 1900 nimis

268 1945 386 2046 septis
406 1942 633 2020 transversis
651 1941 919 2072 interruptum
935 1939 993 2016 sit
1020 1939 1292 2016 Transsudant

267 2058 457 2162 quidem
466 2057 572 2134 succi
605 2055 714 2132 etin
745 2055 845 2130 vasis
875 2052 1035 2130 fibrosis
1066 2053 1137 2130 ubi
1170 2067 1290 2130 extre·

265 2172 468 2250 mitatibus
505 2169 580 2246 sibi
622 2170 877 2266 accumbunt,
924 2183 962 2244 at
996 2167 1126 2244 multo
1163 2169 1289 2246 rarius

264 2286 309 2363 id
335 2285 503 2364 accidit
529 2287 578 2360 In
602 2284 797 2360 meatibus
824 2282 1074 2360 cellularibus
1098 2284 1176 2359 labi
1202 2309 1289 2360 suc-

266 2425 361 2478 cum
396 2423 481 2474 non
519 2397 772 2486 crediderim,
810 2423 903 2474 cum
943 2399 986 2474 iu
1022 2397 1158 2476 multis
1190 2398 1291 2475 locis,

265 2538 350 2590 non
383 2512 553 2588 existant
608 2516 658 2588 Et
689 2488 875 2588 refellunt
906 2512 1084 2602 arbores,
1116 2538 1288 2616 quarum

263 2625 365 2704 rami
398 2649 446 2704 eo
478 2625 734 2728 potissimum
765 2625 885 2702 latere
923 2625 1164 2756 increscunt,
1202 2653 1284 2732 quo

262 2740 373 2820 radix
398 2741 549 2842 optime
572 2740 683 2838 viget

217 2854 220 2859 ’
359 2858 472 2933 Vasa
487 2853 641 2955 spiralia
662 2853 836 2954 tracheas
856 2854 1009 2932 vocavit
1027 2855 1217 2960 Malpighi
1248 2871 1287 2934 et

257 2967 438 3049 ¹a'erem
427 2992 555 3044 inesse
586 2964 683 3043 dixit
713 2942 812 3070 (Op.
848 2965 955 3045 om'n.
984 2973 1025 3046 L.
1052 2973 1108 3046 13.
1141 2998 1178 3072 p.
1204 2970 1284 3068 15.)

261 3089 365 3184 Vere
388 3083 534 3184 repleta
560 3106 652 3171 esse,
678 3094 820 3168 aestate
844 3108 965 3160 vacua
987 3083 1142 3192 putavit
1167 3077 1285 3164 Grew

263 3199 395 3295 (Anat
421 3194 470 3270 of
488 3193 601 3270 friuts
625 3223 661 3298 p
687 3198 803 3294 124..)
854 3197 933 3291 Qui
964 3196 1189 3299 liquoribus
1218 3224 1285 3276 co-

213 3309 214 3314 ‘
260 3310 400 3420 ΙοΒΒΒίΒ
427 3308 705 3438 impleverunt,
735 3333 826 3412 vasa
857 3325 1047 3414 putarunt
1078 3314 1285 3408 succigera.

263 3400 432 3525 Quibus
457 3421 559 3498 inter
597 3425 836 3502 recentiores
877 3419 1125 3500 adsentiunt
1141 3424 1283 3502 Mirbel

261 3541 375 3638 (Erp.
387 3563 425 3638 p.
440 3536 526 3632 85.,)
542 3536 834 3615 Moldenhauer
851 3537 990 3638 (Beytr.
1008 3567 1045 3640 p.
1059 3543 1141 3618 317.
1158 3539 1282 3640 seqq.)

260 3651 344 3754 qui.
377 3651 552 3753 tracheas
598 3643 844 3730 insectorum
892 3651 1110 3731 simillimas
1150 3655 1283 3730 a'e'rem

258 3789 345 3842 non
377 3764 532 3843 trahere
564 3779 701 3844 contra
717 3791 874 3852 omnes
911 3755 1182 3844 observatores
1214 3755 1283 3858 ad-

259 3877 392 3955 firmat
417 3878 527 3976 (ibid.
551 3909 588 3983 p.
612 3879 729 3980 304.,)
755 3905 930 3958 necnon
948 3883 1107 3960 Schthz
1125 3881 1187 3979 (D
1204 3884 1281 3958 Na·

259 4005 324 4068 tur
356 3989 393 4068 d.
424 3991 583 4072 Pssanze
615 4000 647 4072 1.
660 4023 715 4099 p
747 3994 886 4101 483..)
911 3995 1035 4096 Magis
1060 3999 1192 4074 adrem
1217 4019 1281 4070 ve-

257 4105 353 4184 here
375 4109 593 4186 Bemhardi
620 4091 716 4215 dixit
738 4093 852 4210 (Ueb
876 4108 1136 4212 Pilauzengef.
1161 4136 1198 4212 p.
1223 4107 1280 4184 44
