2840 4878
203 481 208 510 1
273 383 347 472 154
669 379 895 460 cauus:

271 605 345 659 nec
368 593 536 668 mutata,
568 601 662 656 cum
690 577 734 652 in
758 577 916 680 reliquo
940 578 1037 678 ligni
1063 595 1183 660 tuoto
1201 607 1298 660 »mu-

270 710 348 772 tota·
372 681 673 796 conspiciantur.
723 695 840 768 Hunc
856 693 1299 774 fasciculorum-orbem

269 810 424 888 Hillius.
443 833 637 885 coronam
666 805 764 882 dixit
794 809 1044 906 (Construct
1076 810 1128 888 of
1144 813 1301 894 ‚timber

269 925 396 1003 Lond.
422 926 542 1003 mu.
585 923 646 999 ch.
684 921 745 1020 8.)
780 937 819 1000 et
847 923 951 1002 bene
983 923 1204 1027 descripsit,
1237 925 1299 1004 uti

268 1040 383 1142 plura
431 1039 521 1125 alia,
570 1061 602 1113 e.
633 1061 668 1136 g.
705 1038 970 1137 parenchyma
1011 1039 1175 1118 corticis·
1203 1065 1298 1117 cum

269 1153 455 1230 ductibus
495 1151 866 1247 intercellularihus‚
907 1178 1011 1256 quos
1047 1181 1136 1232 vasa
1172 1168 1297 1244 vocat,

266 1291 358 1346 vasa
384 1265 537 1342 fibrosa
570 1265 773 1355 tubulosa‚
805 1291 896 1344 vasa
927 1269 983 1344 sic
1009 1267 1109 1348 dicta
1134 1269 1297 1372 propria

266 1381 311 1458 in
325 1381 433 1458 Pinio
451 1380 615 1483 ollisque
632 1382 842 1458 arboribus
859 1397 928 1460 etc.
964 1384 1171 1461 Mirhelius
1187 1383 1295 1486 pyri-

268 1495 362 1574 dem
385 1493 648 1572 medullarem
675 1496 772 1594 (etui
803 1496 1057 1588 medullaire,
1088 1499 1184 1575 Hist
1217 1511 1295 1574 nat

10 1667 13 1704 ι
265 1637 304 1714 p.
329 1611 433 1709 186.)
470 1625 593 1687 vocat
644 1613 746 1686 Sunt
768 1609 942 1689 fasciculi
973 1627 1151 1696 recenter
1182 1611 1295 1688 enati.
1409 1673 1410 1676 ,

125 1733 126 1747 ¹
265 1725 558 1804 Moldenhauer
602 1739 708 1802 recte
732 1803 733 1810 χ
754 1725 855 1802 vidit
892 1725 1101 1802 fascicrdos
1132 1725 1295 1824 ligneos
1409 1763 1410 1777 ι

264 1841 367 1917 intra
391 1837 611 1916 medullam
637 1855 794 1918 exortos
820 1853 859 1917 et
882 1840 1081 1930 evanidos,
1107 1839 1220 1942 quod
1236 1839 1293 1914 nil

265 1954 385 2031 refert
409 1953 507 2030 3ad
504 1979 575 2044 ea,
617 1979 719 2056 quae
754 1955 1052 2058 proposuimus
1108 1954 1261 2032 Nam
1249 1979 1292 2030 m
1409 2035 1410 2040 ,

264 2067 514 2146 Amaranthis
546 2094 711 2170 quoque
742 2067 944 2190 ejusmodi
979 2068 1172 2198 fascicrdi
1190 2063 1292 2146 inira
1409 2083 1410 2162 ι

263 2182 485 2260 medullam
511 2184 705 2260 oriuntur
822 2231 847 2242 -·
1191 2244 1194 2254 .

360 2295 511 2384 Radios
549 2323 686 2374 versus
723 2308 905 2373 centrum
941 2298 1159 2374 accrescere
1197 2322 1291 2399 pro·

263 2411 361 2488 bant
384 2434 532 2488 corona
559 2427 597 2488 et
621 2409 854 2488 cellularum
876 2412 1077 2489 medullae
1102 2411 1290 2490 continua

265 2525 460 2627 expansio.
526 2525 682 2620 Quodsi
722 2549 821 2602 non.
849 2541 1112 2635 accrescerent
1149 2551 1289 2627 parens

264 2640 405 2738 chyma
422 2637 625 2716 medullae·
638 2639 937 2741 intercipientes,
953 2666 1088 2718 versus
1109 2655 1289 2718 centrum

265 2753 414 2833 detrusi
446 2768 590 2842 essent,
625 2769 663 2831 et
694 2755 912 2832 necessario
951 2755 1109 2832 cellulas
1132 2753 1288 2832 medul-

261 2869 323 2946 lae
354 2868 692 2970 compressissent,
726 2866 845 2971 quod
870 2868 983 2946 nullo
1008 2868 1136 2946 modo
1163 2870 1287 2948 anino
1409 2897 1410 2940 ;

263 2984 513 3061 advertimus.
1409 3065 1410 3088 2

358 3102 505 3174 Versus
528 3098 795 3200 peripheriam
820 3097 965 3175 eodem
988 3098 1116 3200 plane,
1133 3098 1285 3178 radiato
1409 3089 1410 3146 ἶ

262 3224 301 3288 et
329 3211 534 3287 reticulato
565 3211 829 3298 incremento,
860 3237 947 3314 quo
980 3212 1107 3302 radix,
1118 3213 1286 3312 'lignum
1357 3263 1358 3269 η
1409 3215 1410 3250 ³

261 3339 435 3425 augetur.
493 3325 639 3401 Omnia
670 3326 791 3423 igitur
822 3351 923 3427 quae
934 3353 1065 3444 supra
1091 3326 1185 3425 (81.)
1210 3339 1286 3402 tra

261 3439 342 3518 dita
367 3451 476 3526 sunt,
500 3437 579 3514 hoc
604 3437 694 3516 loco
720 3442 844 3543 repeti
875 3457 1077 3544 possunt,
1077 3452 1284 3518 structura

261 3554 368 3632 enim
393 3551 560 3628 minime
585 3551 726 3632 differt.
1183 3629 1185 3634 .

355 3668 389 3744 E
413 3667 716 3769 perenchymate
740 3693 876 3746 versus
900 3671 1019 3749 latera
1044 3693 1284 3771 compresso«,

259 3806 333 3861 nec
376 3791 461 3858 non
512 3805 532 3858 c
580 3781 669 3858 libri
720 3781 871 3860 cellulis
922 3809 1056 3864 versus
1102 3783 1283 3887 periphc

257 3898 358 3976 riam
382 3897 485 3973 inter
508 3896 641 3974 radios
666 3897 762 3996 ligni
787 3897 938 3977 adnati's
957 3899 1148 3985 oriuntur
1162 3901 1284 3978 iustr-

259 4010 396 4088 tiones
421 4037 449 4086 s
473 4011 810 4111 prolongationcs
826 4015 922 4108 istae
950 3992 1201 4102 medullatas,
1223 4013 1284 4090 de
1347 4051 1350 4058 ·
1409 4037 1410 4056 ³

257 4125 404 4227 quibus
425 4141 518 4228 post
540 4128 743 4206 Grewium
766 4129 900 4228 (Anat
921 4127 971 4208 os
981 4127 1107 4234 plants
1136 4127 1200 4206 ..ch
1224 4125 1283 4224 3.)
