2840 4878
495 403 746 498 roma.
855 519 861 546 h
1095 405 1166 484 na

143 577 415 682 Anastornosis
440 603 582 680 haecce
607 629 691 680 non
706 627 804 678 tera
831 612 902 687 est,
927 597 997 676 sed
1022 605 1164 703 spuria,

116 743 230 794 ‚vasa
256 717 364 794 enim
396 716 544 795 fibrosa
570 718 805 821 spiraliaqne
830 739 851 792 e
876 739 998 792 nervo
1024 717 1164 817 majori

135 847 187 908 ut
232 857 253 909 e
303 833 413 908 caule
458 833 649 910 secedunt
690 835 946 930 minoresque
990 828 1166 910 formant

64 979 68 986 ·
139 971 356 1024 nervorum
386 946 580 1036 ramulos,
615 963 652 1024 et
681 971 819 1022 rursus
845 943 927 1018 aliis
951 946 1080 1020 nervis
1105 972 1166 1024 ac-

131 1060 296 1138 cedunt
358 1065 404 1137 ln
448 1061 736 1137 ramificatione
781 1084 996 1135 nervorum
1041 1083 1167 1138 accre-

139 1189 256 1273 scunt
292 1201 420 1264 ¹vasa,
477 1191 570 1250 narn
611 1176 822 1277 partitione
874 1197 956 1250 non
1010 1199 1167 1278 semper

139 1291 341 1366 tenuiores
367 1289 546 1365 evadunt.

236 1402 383 1478 Sceleta
408 1401 600 1479 foliorum
626 1403 780 1504 primus
802 1401 1045 1505 praeparavit
1059 1406 1167 1502 Ruy-

132 1515 268 1592 schius
295 1516 586 1614 (Adversanat
611 1521 657 1592 D.
681 1521 716 1594 3.
741 1543 779 1592 n.
806 1523 837 1592 l.
865 1521 955 1593 Cur.
980 1531 1079 1617 post
1095 1520 1163 1617 lc.)

136 1633 234 1707 Rete
258 1630 511 1707 vasculosum
535 1633 799 1718 maceratione
820 1629 964 1706 induo
984 1629 1163 1709 distincta
1248 1653 1253 1662 ·

135 1745 233 1819 retia
259 1744 522 1820 dividendum
548 1770 631 1820 esse
655 1747 809 1846 primus
833 1749 861 1820 l.
888 1750 1087 1822 Gesnerus
1108 1747 1163 1822 vi·

135 1857 197 1932 dit
223 1858 358 1950 (Linn.
382 1857 577 1934 Fundam.
602 1859 683 1933 hot
710 1883 802 1933 cum
827 1863 855 1934 1.
882 1863 1040 1936 Gesner.
1062 1863 1161 1938 Diss

135 1971 283 2072 physic.
315 1997 352 2073 p.
379 1972 472 2070 ld).
527 1974 625 2049 Rete
650 1969 815 2047 inferius
839 1975 958 2048 ramis
985 1989 1162 2053 constare

136 2085 259 2160 laxius
296 2081 527 2173 intertextis
559 2085 621 2184 his
651 2085 893 2186 respondere
925 2113 1058 2163 ramos
1082 2091 1161 2190 pri·

134 2199 283 2286 marios
314 2201 548 2301 superioris,
586 2199 655 2302 qui
689 2197 833 2274 deinde
864 2227 936 2302 per
959 2203 1162 2280 interstitia

133 2313 359 2396 areolarum
396 2314 438 2388 in
481 2327 564 2389 rete
604 2313 856 2388 vasculosum
896 2317 1159 2408 tenerrimum

136 2425 377 2503 dividuntur.
434 2431 517 2503 Hae
541 2451 635 2504 vero
663 2425 874 2502 divisiones
898 2427 940 2500 in
966 2425 1071 2503 foliis
1096 2456 1160 2506 ve-

134 2542 231 2639 getis
255 2541 508 2642 microscopii
534 2565 612 2643 ope
638 2564 722 2615 non
750 2537 1055 2636 distinguuntur.
1081 2541 1084 2546 ’

231 2653 587 2752 Margofoliorum
612 2657 806 2733 structura
832 2679 852 2727 a
878 2653 1033 2758 reliquo
1058 2655 1158 2736 folio

32 2797 34 2801 ·
134 2767 248 2870 ualde
281 2768 427 2846 differt.
489 2771 653 2846 Constat
689 2795 711 2845 e
747 2767 846 2843 serie
882 2791 962 2844 una
996 2771 1160 2858 alterave

135 2864 367 2958 cellularum
390 2884 729 2986 prosenchymatis
749 2880 800 2957 ad
826 2881 981 2980 :apicem
998 2881 1082 2960 folii
1102 2885 1159 2963 di·
1225 2939 1234 2958 .

134 2994 339 3073 rectarum.
401 3001 553 3091 Harum
588 2997 819 3074 cellularum
850 3017 1060 3098 compages
1092 2997 1158 3076 lir-

132 3112 262 3201 mim,⁴
281 3109 377 3211 quin
403 3115 519 3214 saepe
545 3111 789 3208 cartilaginea
812 3124 879 3188 est
986 3184 989 3192 ,
1136 3187 1139 3192 .

223 3225 356 3311 Folia,
389 3224 421 3299 si
453 3239 556 3314 statu
586 3225 797 3328 primitivo
813 3223 1053 3313 consideras,
1089 3251 1176 3326 pyr

133 3339 264 3416 xidem
288 3337 465 3415 formant
489 3339 589 3415 circa
605 3338 761 3425 caulem
783 3362 804 3413 e
821 3337 956 3424 tribus,
975 3353 1157 3440 quatuor,

134 3455 311 3556 quinque
335 3450 442 3528 soliis
468 3441 724 3540 constantem,
750 3473 927 3550 gemmas
953 3453 1158 3530 continen-

131 3581 227 3656 tem,
261 3565 420 3669 qualem
445 3567 488 3642 in
515 3566 727 3656 Casuarina
753 3589 912 3644 cernere
937 3566 1035 3646 licet
1079 3568 1158 3646 *Ca*

132 3679 205 3776 lyci
242 3695 337 3756 tunc
370 3681 510 3756 similia
543 3696 645 3757 sunt.
706 3685 811 3757 Haec
837 3693 894 3759 est
918 3703 1051 3769 causa,
1087 3705 1158 3761 cur

132 3793 282 3894 pagina:
302 3794 587 3896 superior‘seu
610 3795 744 3898 potius
767 3793 951 3880 interior,
984 3795 1037 3876 ab¹
1056 3793 1156 3871 infe-

1 3927 8 3946 ·
132 3906 239 3982 riore
276 3933 347 3990 seu
383 3909 575 3990 exteriore
617 3905 760 3988 (Effert.
825 3906 1065 3990 Evolutione
1105 3907 1157 3987 ad

131 4033 276 4100 statum
312 4025 432 4102 istum
469 4021 721 4126 perveniunt,
763 4039 846 4124 quo
889 4043 974 4098 sese
1000 4018 1156 4100 'offerre

630 4175 634 4182 ·
810 4137 861 4217 13
1048 4153 1051 4162 '
