2850 4874
250 328 349 440 ns'
482 464 484 478 γ
658 361 854 438 namx.

253 622 323 710 75.
384 597 585 710 Radlcls
628 604 808 708 directio
857 595 1001 706 media
1045 615 1101 705 in
1150 615 1273 708 locis¹

312 759 474 878 planis
531 757 787 848 horizonti
841 752 1274 874 perpendicularis

315 912 400 990 aut
444 897 553 986 fere
597 893 1030 1016 perpendicularis
1079 911 1169 1005 est3
1219 896 1276 984 in

314 1037 581 1128 acclivibus
612 1065 733 1127 vero
767 1032 1178 1126 sursum-tendit·
1269 1091 1272 1101 κ
1416 1025 1417 1072 r

350 1244 524 1320 Directio
562 1240 695 1320 media
737 1253 805 1316 aut
840 1239 944 1315 inter
978 1238 1172 1314 radiculas
1210 1253 1280 1316 aut
1415 1206 1416 1253 ¹

253 1357 355 1436 inter
377 1383 513 1434 ramos
537 1355 697 1442 radicis,
729 1355 934 1456 ipsiusque
962 1353 1130 1430 flexuras
1154 1354 1280 1428 sumi-

253 1484 328 1546 tur.
381 1470 444 1548 Ad
476 1454 736 1547 directionem
767 1467 944 1544 mediam
975 1466 1116 1542 radicis
1156 1468 1281 1569 respi-

254 1583 443 1662 ciendum
481 1597 555 1673 est,
588 1584 623 1660 si·
654 1581 706 1660 de
736 1581 953 1659 directione
983 1582 1027 1657 in
1051 1605 1194 1680 genere
1218 1582 1280 1659 lo·

254 1698 400 1800 quitur.
1272 1716 1277 1720 ’

327 1851 332 1854 “
349 1813 541 1894 Radicem
572 1813 616 1892 in
648 1812 856 1889 acclivibus
882 1809 933 1887 ad
956 1810 1141 1904 medium
1166 1812 1281 1889 accli-

193 1991 199 2004 .
253 1928 379 2005 vitatis
412 1928 604 2026 angulum
635 1952 794 2004 sursum
828 1948 1000 2001 crescere
1030 1924 1128 2000 olim
1161 1925 1282 2002 adfir·
1415 2000 1416 2031 p

253 2043 375 2118 mavit
397 2040 639 2118 Doederlein
665 2039 993 2139 (Hanniiverisch.
1020 2039 1102 2116 Gel.
1121 2042 1280 2140 Anzeig:
1415 2048 1416 2083 ³

256 2161 361 2234 1753.
388 2161 441 2235 St.
466 2160 500 2232 6.
548 2154 785 2244 Rosenthals
809 2154 1035 2254 mathemat
1065 2155 1278 2257 Encyclop.
1415 2204 1416 2211 κ

255 2275 359 2346 Τ.·,1.
383 2281 421 2371 p.
441 2269 537 2364 -98.).
588 2268 892 2345 Observationes
916 2266 990 2342 hac
1017 2266 1143 2355 dere,
1168 2293 1282 2368 prae-

244 2385 389 2470 ,sertim
413 2384 457 2462 in
481 2379 681 2456 radicibus
704 2381 865 2479 integris
881 2381 1033 2456 institui
1051 2395 1089 2457 et
1106 2383 1282 2479 (Nachtr.

255 2521 285 2572 a
320 2495 357 2571 d.
389 2492 627 2572 Grundlehr.
662 2494 699 2570 d.
729 2498 910 2572 Anatom.
935 2522 971 2595 p.
996 2497 1080 2593 40.)
1107 2494 1280 2596 exposui.
1415 2496 1416 2581 ἶ

234 2607 351 2706 Ι111)ἰὶ
373 2608 563 2685 acclivitas
602 2607 732 2708 major
764 2623 836 2696 est,
877 2607 1044 2706 angulus
1079 2607 1279 2684 crescendi
1415 2602 1416 2609 '

255 2723 446 2823 angulum
458 2765 460 2770 ,
472 2721 688 2800 dimidium
713 2721 941 2800 acclivitatis·
957 2721 1093 2823 paullo
1108 2736 1283 2824 superat·

254 2840 336 2916 ubi.
362 2839 497 2914 minor
534 2853 592 2916 est
628 2839 809 2938 angulus:
830 2837 904 2912 iste
942 2834 1111 2912 dimidio
1145 2837 1282 2914 minor

256 2967 326 3030 est
371 2955 431 3030 De
455 2954 528 3034 hac
554 2953 771 3031 directione
797 2950 862 3028 cfr.
887 2948 989 3026 infra
1013 2953 1060 3027 V·.
1133 2963 1134 2966 ’

162 3103 165 3111 ⁴
281 3077 287 3089 '
318 3091 323 3100 ·
351 3069 397 3144 R.
412 3070 755 3168 perpendicularis,
794 3090 897 3170 quae
936 3080 1039 3141 recta
1078 3063 1282 3143 descendit

256 3194 296 3256 et
326 3180 448 3256 simul
480 3181 643 3281 simplex
677 3196 748 3271 est,
779 3181 1019 3264 descendens,
1053 3203 1281 3280 quaecum

257 3292 446 3369 omnibus
485 3293 606 3367 ramis
637 3295 854 3384 descendit,
886 3295 1143 3396 superficialis,
1168 3290 1281 3389 cujus
1297 3299 1318 3356 .‘

255 3406 356 3484 rami
393 3407 619 3506 superiores
647 3409 848 3508 longiores
862 3445 866 3458 ·
880 3408 1024 3510 partiti·
1043 3408 1119 3484 sub
1135 3455 1137 3466 ‚
1156 3420 1281 3484 terrae
1366 3500 1369 3506 f

256 3517 481 3622 superficie·
510 3537 766 3622 proserpunt.
794 3525 961 3621 (germ.
986 3520 1282 3616 Thauwurzelt
1364 3542 1368 3551 ¹

252 3645 484 3739 procurrens,
512 3633 622 3733 cujus
647 3637 746 3712 rami
773 3636 948 3736 quidam⁴
963 3637 1187 3737 superiores
1207 3634 1280 3710 sub

107 3812 109 3822 .
221 3759 222 3762 ‘
258 3747 470 3851 superficie
494 3745 612 3846 longe
636 3765 897 3850 procurrunt.-

266 3921 270 3928 .
351 3869 428 3940 Per
443 3887 492 3958 se
517 3862 761 3942 considerata
787 3878 844 3941 est
867 3891 906 3940 rr
922 3878 1043 3954 recta,
1067 3863 1184 3952 flexas
1201 3864 1282 3964 ple·

256 3991 429 4081 rumque
465 4000 576 4076 vage
597 3977 713 4065 flexa,
754 3977 959 4068 flexuosa,
982 3978 1286 4058 flexuosissimo:

7 4065 10 4212 l
260 4094 322 4168 Sic
350 4117 513 4196 quoque
538 4091 637 4169 rami
664 4107 702 4171 et
725 4092 932 4182 radiculae,
958 4095 1032 4196 qui
1054 4092 1165 4180 recti,
1181 4089 1285 4176 fleat
