2770 4872
415 356 781 438 onotootcrt.
1035 360 1107 438 4¹ss

475 881 676 1011 ¹XIV.
780 975 782 982 κ

121 1261 130 1276 ..
259 1103 936 1214 ororourcr

72 1489 196 1583 296..
249 1489 491 1605 Geologr’ca
549 1484 611 1576 de
658 1487 841 1606 plantis
895 1485 1109 1580 dicenda
1175 1435 1178 1438 ·

144 1638 468 1718 concernunt
510 1626 841 1746 Geographr‘am
877 1641 928 1720 et
961 1628 1109 1755 Histo-

145 1773 261 1857 riam
287 1772 553 1884 plantarum.

182 1933 394 2032 Geoiogica
420 1935 638 2035 deplantis
662 1935 830 2014 dicenda
856 1935 1019 2014 attinent
1048 1960 1110 2014 re-

4 2103 5 2122 .
73 2047 273 2125 lationem
300 2047 348 2124 ad
374 2049 562 2150 spatium,
581 2049 701 2153 quod
724 2049 768 2127 in
791 2050 942 2128 telluris
972 2073 1109 2153 super-

4 2215 6 2264 ;
73 2159 172 2240 ficie
198 2175 402 2264 occupant
483 2209 486 2214 -

180 2274 339 2378 Triplex
364 2291 422 2354 est
439 2278 688 2380 Geographia
704 2277 939 2380 plantarum.
974 2279 1109 2356 Primo

2 2431 6 2482 ρ
73 2389 131 2469 de
157 2390 392 2468 stationibus
416 2393 641 2495 plantarum
666 2393 760 2492 agit,
790 2392 907 2470 altera
933 2392 984 2471 de
1007 2395 1109 2496 ipsa·

2 2547 7 2596 r
70 2531 174 2584 rum
210 2506 508 2598 distributione,
540 2507 764 2586 secundum
809 2507 957 2610 species
999 2508 1109 2585 ordi-

2 2637 7 2711 j
71 2643 210 2706 nesve,
243 2632 312 2696 aut
340 2622 540 2718 regiones,
564 2623 678 2701 tertia
703 2622 755 2700 de
778 2621 970 2700 relatione
995 2623 1108 2727 spatii

2 2777 6 2826 ι
74 2733 133 2812 ad
158 2731 338 2810 indolem
361 2735 596 2837 plantarum.

2 2891 6 2940 Ι
177 2847 366 2926 Doctrina
402 2849 545 2928 haecce
583 2851 683 2928 olim
712 2851 913 2949 incognita
943 2849 1109 2927 novissi·

2 3009 6 3055 ,
71 2960 157 3038 mis
187 2962 436 3064 temporibus
466 2966 696 3066 praesertim
722 2964 871 3042 excrrlta
896 2976 963 3040 est
1011 2967 1110 3040 Prae

2 3121 5 3169 ῃ
72 3074 244 3176 reliquis
267 3075 450 3180 legende:
475 3080 536 3154 De
553 3077 832 3156 distributione
848 3077 1109 3178 geographica

2 3233 6 3283 1
71 3189 304 3292 plantarum
330 3205 427 3268 auct
454 3191 510 3270 At
528 3191 566 3269 d.
583 3192 816 3270 Humboldt
841 3197 926 3270 Par.
943 3195 1049 3270 1817.
1073 3196 1109 3269 8.

73 3327 183 3408 quae
223 3303 513 3403 Prolegomena
551 3305 709 3409 Operis:
749 3309 861 3411 Nova
897 3329 1038 3404 genera
1071 3319 1138 3385 et·

2 3461 4 3509 2
74 3418 227 3519 species
262 3418 489 3522 plantarum
522 3433 625 3498 auct
653 3418 711 3497 n.
744 3417 781 3495 d.
814 3424 860 3496 H.
893 3435 932 3497 et
954 3421 1108 3505 Kunthr

3 3571 4 3576 Ν
74 3541 183 3606 turn:
216 3537 294 3609 Sur
326 3532 383 3609 les
414 3533 490 3612 lois
521 3534 642 3637 qu'otr
674 3535 839 3612 observo
864 3535 962 3612 dans
985 3534 1023 3610 la
1049 3533 1108 3608 di-

77 3642 291 3722 stribution
330 3645 366 3723 d.
400 3646 551 3726 formes
582 3648 783 3748 vegetales.
823 3653 907 3726 Par.
934 3651 1039 3724 1811.
1071 3653 1107 3724 8.

78 3755 303 3854 (Dictionn.
340 3760 378 3838 d.
410 3763 548 3840 ecienc.
579 3762 757 3840 natur-eli
784 3765 829 3852 Τ.
855 3767 912 3838 18.
936 3789 973 3863 p.
998 3761 1106 3859 422.)

75 3892 221 3968 porroz
259 3874 300 3947 L.
330 3901 364 3951 v.
388 3876 501 3954 Buch
524 3877 641 3956 Reise
667 3875 795 3952 durch
819 3881 1042 3975 Norwegen
1066 3903 1106 3953 u.

73 3983 292 4086 Lappland.
328 3990 427 4066 Berl.
465 3995 572 4067 181⁰.
609 3994 655 4066 Τ.
687 3996 721 4068 1.
752 3993 806 4076 23
850 3989 1016 4066 General
1047 4015 1108 4066 re-

73 4097 209 4176 marks
245 4123 302 4179 on
336 4101 407 4182 the
437 4104 587 4204 botany
619 4103 671 4183 of
699 4109 821 4181 Terra
854 4103 1032 4180 australis
1056 4103 1107 4202 by
