2848 4888
286 369 337 450 58
692 365 910 447 FORMA.

283 565 512 670 superficies
543 586 638 644 cum
669 563 905 644 staminibus
928 563 1106 646 internae
1129 567 1245 648 seriei
1271 581 1311 648 et

281 681 435 784 pistillis
467 678 670 768 alternant,
696 680 828 779 anguli
853 703 948 759 vero
974 681 1118 758 iisdem
1134 684 1307 786 oppositi

281 807 383 872 sunt
436 792 593 872 Eodem
621 793 750 870 modo
787 815 873 870 sese
896 793 1045 871 habent
1068 794 1205 874 Trillia
1230 797 1305 875 nisi

280 907 393 1011 qnod
433 919 562 1013 partes
603 909 757 985 omnes‘
785 919 920 985 ternae
959 907 1053 997 sint,
1094 931 1168 1008 pec
1209 935 1306 1014 qua·

278 1038 438 1102 ternae„
1287 1032 1291 1036 ’

371 1139 419 1213 In
457 1133 646 1213 omnibus
682 1133 766 1214 aiiis
801 1133 945 1238 plantis
986 1149 1120 1238 partes·
1156 1135 1302 1214 eodem

274 1241 404 1329 modo
422 1248 638 1352 dispositas
660 1250 847 1340 invenies,
871 1247 942 1328 sed
968 1249 1161 1328 dimotas.¹
1187 1249 1229 1328 Si
1253 1249 1301 1326 li-

273 1393 370 1445 neas
400 1363 522 1442 caulis
554 1364 772 1444 eminentes
803 1389 974 1468 sequens
1003 1363 1098 1442 folia
1130 1362 1206 1440 sibi
1232 1364 1300 1442 ad·

271 1479 463 1569 moveriS,
494 1477 671 1556 invenies
697 1505 780 1558 esse
802 1477 1043 1567 verticillata,
1069 1491 1108 1556 et
1132 1475 1298 1580 quidem

270 1607 391 1684 terna,
416 1607 616 1698 quaterna,
641 1595 773 1698 quina,
797 1607 866 1671 aut
880 1593 941 1670 bis
957 1605 1078 1682 terna,
1097 1603 1297 1695 quaterna,

270 1710 471 1814 quinam·

367 1824 410 1902 Si
439 1847 536 1901 rero
561 1819 759 1922 ejusmodi
774 1817 993 1924 ¹verticillos
1017 1817 1198 1922 proxime
1221 1845 1295 1922 po-

266 1936 363 2014 sitos
395 1936 719 2026 consideraveris,
744 1958 902 2036 semper
926 1931 1161 2008 alternantes
1185 1933 1293 2012 inve·

264 2049 367 2138 nieS,
395 2049 449 2126 ita
479 2065 527 2127 ut
554 2076 645 2154 pars
675 2049 891 2154 superioris
921 2045 1097 2122 verticilli
1138 2061 1291 2148 partem

263 2161 462 2240 inferioris
483 2187 571 2242 ‘non
594 2177 707 2264 tegat
757 2161 837 2238 Sed
861 2160 966 2238 inter
980 2158 1189 2236 verticillos
1205 2183 1290 2236 non

263 2276 338 2352 sibi
363 2277 584 2379 proximos,
610 2303 642 2354 e.
667 2299 700 2376 g.
725 2276 829 2352 inter
851 2275 1094 2377 primnmet
1117 2273 1288 2364 tertium,

262 2389 485 2466 secundum
518 2405 557 2468 et
587 2402 791 2493 quartum,
832 2388 992 2469 tertium
1029 2401 1068 2464 et
1101 2387 1286 2488 quintum

261 2500 462 2601 ejusmodi
485 2505 622 2582 relatio
648 2518 720 2592 est,
749 2515 797 2580 ut
818 2527 908 2604 pars
932 2500 1147 2606 superioris
1172 2502 1286 2580 verti-

261 2615 339 2692 cilli
363 2629 516 2719 partem
540 2617 739 2698 inferioris
763 2629 875 2716 tegat
923 2620 1027 2698 Haec
1045 2639 1211 2718 quoque
1228 2630 1285 2692 est

259 2723 375 2808 carisa
409 2757 480 2808 cur
510 2733 676 2810 stamina
702 2730 839 2832 calycis
862 2732 1074 2830 segmentis
1100 2738 1282 2838 opposita

256 2845 343 2934 sint,
369 2870 462 2924 curn
488 2847 658 2924 corollae
683 2845 893 2946 segmentis
910 2843 1111 2922 alternent
1149 2851 1191 2928 si
1214 2851 1282 2928 ali-

253 2973 315 3035 ter
346 2961 498 3050 accidit,
529 2975 625 3037 tunc
657 2955 725 3038 ant
746 2985 837 3040 vera
862 2958 998 3038 deficit
1020 2961 1188 3055 corolla,
1212 2978 1281 3043 aut

252 3073 395 3151 extima
419 3075 634 3152 staminum
659 3075 786 3152 series

351 3193 462 3284 Quae
494 3187 596 3296 dicta
627 3202 737 3278 sunt,
778 3185 830 3263 de
860 3188 1041 3289 partibus
1064 3213 1110 3267 er
1136 3191 1275 3270 eadem

250 3323 406 3402 gemma
422 3301 598 3404 pronatis
610 3300 896 3381 tantummodo
907 3302 985 3380 dici
996 3320 1174 3406 possunt,
1188 3328 1272 3384 non

249 3415 302 3492 de
323 3415 501 3519 partibus
527 3441 548 3493 e
571 3417 686 3494 variis
710 3417 878 3517 gemmis
901 3419 1087 3520 pronatis.
1138 3425 1270 3516 Quae-

247 3530 306 3629 vis
343 3531 455 3608 enim
495 3554 652 3631 gemma
691 3532 909 3636 plantulam
939 3533 1143 3636 propriam
1177 3557 1271 3611 eon·

246 3644 385 3735 stituit,
410 3667 433 3724 e
455 3662 619 3750 parente
640 3660 845 3751 tamquam
871 3668 893 3724 e
916 3647 1004 3724 solo
1029 3659 1248 3752 pronatam.

244 3793 316 3904 37.
379 3807 606 3902 Pontium
638 3823 689 3906 et
718 3809 842 3905 hinc
873 3814 1161 3936 plantarum
1192 3847 1268 3908 va·

276 3949 456 4046 riatio
489 3950 543 4046 in
581 3952 761 4068 majori
803 3955 1092 4079 minorique
1134 3963 1266 4079 expli-

305 4096 479 4182 oatione·
506 4092 669 4212 posita
701 4107 797 4185 est·-
