<?xml version="1.0" encoding="UTF-8"?>
<!DOCTYPE html PUBLIC "-//W3C//DTD XHTML 1.0 Transitional//EN"
    "http://www.w3.org/TR/xhtml1/DTD/xhtml1-transitional.dtd">
<html xmlns="http://www.w3.org/1999/xhtml" xml:lang="en" lang="en">
 <head>
  <title>
</title>
<meta http-equiv="Content-Type" content="text/html;charset=utf-8" />
  <meta name='ocr-system' content='tesseract 3.04.00' />
  <meta name='ocr-capabilities' content='ocr_page ocr_carea ocr_par ocr_line ocrx_word'/>
</head>
<body>
  <div class='ocr_page' id='page_1' title='image "./elementaphiloso00linkgoog_0035.png"; bbox 0 0 2848 4888; ppageno 0'>
   <div class='ocr_carea' id='block_1_1' title="bbox 183 278 1020 452">
    <p class='ocr_par' dir='ltr' id='par_1_1' title="bbox 183 278 1020 452">
     <span class='ocr_line' id='line_1_1' title="bbox 183 278 1020 452; baseline 0.004 -37"><span class='ocrx_word' id='word_1_1' title='bbox 183 401 184 406; x_wconf 19' lang='lat' dir='ltr'>a</span> <span class='ocrx_word' id='word_1_2' title='bbox 224 278 232 289; x_wconf 52' lang='grc'><strong>’</strong></span> <span class='ocrx_word' id='word_1_3' title='bbox 266 337 317 415; x_wconf 76' lang='lat' dir='ltr'>eo</span> <span class='ocrx_word' id='word_1_4' title='bbox 653 342 900 420; x_wconf 74' lang='lat' dir='ltr'>rasura,</span> <span class='ocrx_word' id='word_1_5' title='bbox 1016 448 1020 452; x_wconf 78' lang='lat'>.</span> 
     </span>
    </p>
   </div>
   <div class='ocr_carea' id='block_1_2' title="bbox 140 521 1289 643">
    <p class='ocr_par' dir='ltr' id='par_1_2' title="bbox 140 521 1289 643">
     <span class='ocr_line' id='line_1_2' title="bbox 140 521 1289 643; baseline 0.007 -31"><span class='ocrx_word' id='word_1_6' title='bbox 140 521 152 622; x_wconf 62' lang='lat' dir='ltr'><strong><em>f</em></strong></span> <span class='ocrx_word' id='word_1_7' title='bbox 267 557 365 622; x_wconf 86' lang='lat' dir='ltr'>ossa,</span> <span class='ocrx_word' id='word_1_8' title='bbox 389 535 639 636; x_wconf 80' lang='lat' dir='ltr'>cartilagines,</span> <span class='ocrx_word' id='word_1_9' title='bbox 654 537 863 636; x_wconf 80' lang='lat' dir='ltr'>ligamenta</span> <span class='ocrx_word' id='word_1_10' title='bbox 879 537 1101 618; x_wconf 83' lang='lat' dir='ltr'>fluidorum</span> <span class='ocrx_word' id='word_1_11' title='bbox 1117 553 1289 643; x_wconf 87' lang='lat' dir='ltr'>recepta-</span> 
     </span>
    </p>
   </div>
   <div class='ocr_carea' id='block_1_3' title="bbox 265 647 1137 742">
    <p class='ocr_par' dir='ltr' id='par_1_3' title="bbox 265 647 1137 742">
     <span class='ocr_line' id='line_1_3' title="bbox 265 647 1137 742; baseline 0.006 -17"><span class='ocrx_word' id='word_1_12' title='bbox 265 647 377 737; x_wconf 52' lang='lat' dir='ltr'>cula*</span> <span class='ocrx_word' id='word_1_13' title='bbox 392 650 435 726; x_wconf 92' lang='lat' dir='ltr'>in</span> <span class='ocrx_word' id='word_1_14' title='bbox 459 665 562 728; x_wconf 86' lang='lat' dir='ltr'>statu</span> <span class='ocrx_word' id='word_1_15' title='bbox 584 651 722 728; x_wconf 89' lang='lat' dir='ltr'>saltem</span> <span class='ocrx_word' id='word_1_16' title='bbox 747 651 900 742; x_wconf 87' lang='lat' dir='ltr'>adulto,</span> <span class='ocrx_word' id='word_1_17' title='bbox 925 677 1010 732; x_wconf 93' lang='lat' dir='ltr'>non</span> <span class='ocrx_word' id='word_1_18' title='bbox 1034 667 1137 732; x_wconf 86' lang='lat' dir='ltr'>sunt.</span> 
     </span>
    </p>
   </div>
   <div class='ocr_carea' id='block_1_4' title="bbox 192 797 1288 1813">
    <p class='ocr_par' dir='ltr' id='par_1_4' title="bbox 192 797 1288 1813">
     <span class='ocr_line' id='line_1_4' title="bbox 362 797 1288 896; baseline 0.004 -22"><span class='ocrx_word' id='word_1_19' title='bbox 362 798 538 896; x_wconf 84' lang='lat' dir='ltr'>Crystalli</span> <span class='ocrx_word' id='word_1_20' title='bbox 577 809 684 875; x_wconf 89' lang='lat' dir='ltr'>totae</span> <span class='ocrx_word' id='word_1_21' title='bbox 724 797 874 878; x_wconf 86' lang='lat' dir='ltr'>solidae</span> <span class='ocrx_word' id='word_1_22' title='bbox 911 814 1005 879; x_wconf 93' lang='lat' dir='ltr'>sunt</span> <span class='ocrx_word' id='word_1_23' title='bbox 1045 815 1084 880; x_wconf 89' lang='lat' dir='ltr'>et</span> <span class='ocrx_word' id='word_1_24' title='bbox 1123 799 1288 880; x_wconf 81' lang='lat' dir='ltr'>efibris</span> 
     </span>
     <span class='ocr_line' id='line_1_5' title="bbox 264 909 1286 1015; baseline 0.007 -29"><span class='ocrx_word' id='word_1_25' title='bbox 264 923 444 988; x_wconf 73' lang='lat' dir='ltr'>constant</span> <span class='ocrx_word' id='word_1_26' title='bbox 467 909 551 1010; x_wconf 84' lang='lat' dir='ltr'>(cfr.</span> <span class='ocrx_word' id='word_1_27' title='bbox 576 934 694 1013; x_wconf 87' lang='lat' dir='ltr'>supra</span> <span class='ocrx_word' id='word_1_28' title='bbox 719 915 750 1012; x_wconf 74' lang='grc'>5.</span> <span class='ocrx_word' id='word_1_29' title='bbox 775 914 835 1014; x_wconf 81' lang='grc'>7.).</span> <span class='ocrx_word' id='word_1_30' title='bbox 891 915 1190 1015; x_wconf 87' lang='lat' dir='ltr'>Progrediendo</span> <span class='ocrx_word' id='word_1_31' title='bbox 1215 917 1286 1015; x_wconf 85' lang='lat' dir='ltr'>igi-</span> 
     </span>
     <span class='ocr_line' id='line_1_6' title="bbox 262 1024 1287 1134; baseline 0.006 -34"><span class='ocrx_word' id='word_1_32' title='bbox 262 1035 328 1100; x_wconf 91' lang='lat' dir='ltr'>tur</span> <span class='ocrx_word' id='word_1_33' title='bbox 351 1051 371 1102; x_wconf 95' lang='lat' dir='ltr'>a</span> <span class='ocrx_word' id='word_1_34' title='bbox 398 1026 582 1124; x_wconf 68' lang='lat' dir='ltr'>crystallis</span> <span class='ocrx_word' id='word_1_35' title='bbox 608 1024 658 1102; x_wconf 92' lang='lat' dir='ltr'>ad</span> <span class='ocrx_word' id='word_1_36' title='bbox 677 1027 829 1130; x_wconf 79' lang='lat' dir='ltr'>plantas</span> <span class='ocrx_word' id='word_1_37' title='bbox 850 1028 1024 1106; x_wconf 87' lang='lat' dir='ltr'>invenies</span> <span class='ocrx_word' id='word_1_38' title='bbox 1040 1028 1160 1107; x_wconf 91' lang='lat' dir='ltr'>fibras</span> <span class='ocrx_word' id='word_1_39' title='bbox 1175 1031 1287 1134; x_wconf 91' lang='lat' dir='ltr'>plan-</span> 
     </span>
     <span class='ocr_line' id='line_1_7' title="bbox 192 1137 1283 1245; baseline 0.008 -32"><span class='ocrx_word' id='word_1_40' title='bbox 192 1171 193 1180; x_wconf 48' lang='lat'><em>*</em></span> <span class='ocrx_word' id='word_1_41' title='bbox 261 1153 408 1229; x_wconf 86' lang='lat' dir='ltr'>tarum,</span> <span class='ocrx_word' id='word_1_42' title='bbox 455 1137 526 1216; x_wconf 91' lang='lat' dir='ltr'>sed</span> <span class='ocrx_word' id='word_1_43' title='bbox 567 1165 693 1230; x_wconf 82' lang='lat' dir='ltr'>cavas,</span> <span class='ocrx_word' id='word_1_44' title='bbox 740 1156 881 1245; x_wconf 90' lang='lat' dir='ltr'>utpote</span> <span class='ocrx_word' id='word_1_45' title='bbox 920 1146 1041 1233; x_wconf 86' lang='lat' dir='ltr'>vivas,</span> <span class='ocrx_word' id='word_1_46' title='bbox 1083 1169 1154 1221; x_wconf 90' lang='lat' dir='ltr'>seu</span> <span class='ocrx_word' id='word_1_47' title='bbox 1193 1169 1283 1222; x_wconf 73' lang='lat' dir='ltr'>vasa</span> 
     </span>
     <span class='ocr_line' id='line_1_8' title="bbox 261 1251 1284 1361; baseline 0.006 -32"><span class='ocrx_word' id='word_1_48' title='bbox 261 1251 410 1330; x_wconf 91' lang='lat' dir='ltr'>fibrosa</span> <span class='ocrx_word' id='word_1_49' title='bbox 435 1277 580 1352; x_wconf 83' lang='lat' dir='ltr'>organa</span> <span class='ocrx_word' id='word_1_50' title='bbox 606 1279 688 1331; x_wconf 90' lang='lat' dir='ltr'>esse</span> <span class='ocrx_word' id='word_1_51' title='bbox 712 1257 908 1358; x_wconf 86' lang='lat' dir='ltr'>primaria,</span> <span class='ocrx_word' id='word_1_52' title='bbox 934 1259 1183 1361; x_wconf 85' lang='lat' dir='ltr'>appositione</span> <span class='ocrx_word' id='word_1_53' title='bbox 1207 1261 1284 1336; x_wconf 91' lang='lat' dir='ltr'>sub</span> 
     </span>
     <span class='ocr_line' id='line_1_9' title="bbox 262 1367 1283 1466; baseline 0.006 -24"><span class='ocrx_word' id='word_1_54' title='bbox 262 1367 414 1466; x_wconf 83' lang='lat' dir='ltr'>angulis</span> <span class='ocrx_word' id='word_1_55' title='bbox 437 1368 551 1443; x_wconf 90' lang='lat' dir='ltr'>variis</span> <span class='ocrx_word' id='word_1_56' title='bbox 575 1368 903 1447; x_wconf 88' lang='lat' dir='ltr'>ramificationem</span> <span class='ocrx_word' id='word_1_57' title='bbox 920 1373 1154 1450; x_wconf 81' lang='lat' dir='ltr'>exhibentes.</span> <span class='ocrx_word' id='word_1_58' title='bbox 1196 1371 1283 1452; x_wconf 86' lang='lat' dir='ltr'>Cel-</span> 
     </span>
     <span class='ocr_line' id='line_1_10' title="bbox 259 1481 1280 1586; baseline 0.008 -30"><span class='ocrx_word' id='word_1_59' title='bbox 259 1481 365 1559; x_wconf 90' lang='lat' dir='ltr'>lulae</span> <span class='ocrx_word' id='word_1_60' title='bbox 407 1506 519 1571; x_wconf 87' lang='lat' dir='ltr'>vero,</span> <span class='ocrx_word' id='word_1_61' title='bbox 558 1483 825 1585; x_wconf 82' lang='lat' dir='ltr'>utplurimum</span> <span class='ocrx_word' id='word_1_62' title='bbox 867 1484 910 1560; x_wconf 92' lang='lat' dir='ltr'>in</span> <span class='ocrx_word' id='word_1_63' title='bbox 949 1485 1067 1562; x_wconf 87' lang='lat' dir='ltr'>series</span> <span class='ocrx_word' id='word_1_64' title='bbox 1098 1486 1280 1586; x_wconf 83' lang='lat' dir='ltr'>digestae,</span> 
     </span>
     <span class='ocr_line' id='line_1_11' title="bbox 261 1594 1282 1686; baseline 0.003 -13"><span class='ocrx_word' id='word_1_65' title='bbox 261 1594 570 1674; x_wconf 83' lang='lat' dir='ltr'>considerandae</span> <span class='ocrx_word' id='word_1_66' title='bbox 600 1611 708 1686; x_wconf 85' lang='lat' dir='ltr'>sunt,</span> <span class='ocrx_word' id='word_1_67' title='bbox 734 1623 777 1674; x_wconf 91' lang='lat' dir='ltr'>ac</span> <span class='ocrx_word' id='word_1_68' title='bbox 802 1598 834 1673; x_wconf 94' lang='lat' dir='ltr'>si</span> <span class='ocrx_word' id='word_1_69' title='bbox 860 1611 989 1674; x_wconf 88' lang='lat' dir='ltr'>essent</span> <span class='ocrx_word' id='word_1_70' title='bbox 1013 1622 1034 1674; x_wconf 91' lang='lat' dir='ltr'>e</span> <span class='ocrx_word' id='word_1_71' title='bbox 1058 1601 1165 1677; x_wconf 91' lang='lat' dir='ltr'>tubis</span> <span class='ocrx_word' id='word_1_72' title='bbox 1183 1621 1282 1677; x_wconf 59' lang='lat' dir='ltr'>&#39;enaa</span> 
     </span>
     <span class='ocr_line' id='line_1_12' title="bbox 259 1710 1281 1813; baseline 0.003 -25"><span class='ocrx_word' id='word_1_73' title='bbox 259 1725 339 1800; x_wconf 84' lang='lat' dir='ltr'>tae,</span> <span class='ocrx_word' id='word_1_74' title='bbox 370 1711 488 1813; x_wconf 84' lang='lat' dir='ltr'>septis</span> <span class='ocrx_word' id='word_1_75' title='bbox 523 1713 750 1788; x_wconf 87' lang='lat' dir='ltr'>transversis</span> <span class='ocrx_word' id='word_1_76' title='bbox 780 1710 973 1800; x_wconf 86' lang='lat' dir='ltr'>diseretis,</span> <span class='ocrx_word' id='word_1_77' title='bbox 1015 1738 1087 1790; x_wconf 88' lang='lat' dir='ltr'>seu</span> <span class='ocrx_word' id='word_1_78' title='bbox 1118 1737 1140 1790; x_wconf 89' lang='lat' dir='ltr'>e</span> <span class='ocrx_word' id='word_1_79' title='bbox 1174 1715 1281 1790; x_wconf 90' lang='lat' dir='ltr'>tubis</span> 
     </span>
    </p>
   </div>
   <div class='ocr_carea' id='block_1_5' title="bbox 143 1824 1221 1930">
    <p class='ocr_par' dir='ltr' id='par_1_5' title="bbox 143 1824 1221 1930">
     <span class='ocr_line' id='line_1_13' title="bbox 143 1824 1221 1930; baseline -0.001 -26"><span class='ocrx_word' id='word_1_80' title='bbox 143 1915 147 1930; x_wconf 26' lang='lat'>⁸</span> <span class='ocrx_word' id='word_1_81' title='bbox 259 1826 354 1904; x_wconf 89' lang='lat' dir='ltr'>hinc</span> <span class='ocrx_word' id='word_1_82' title='bbox 377 1824 473 1902; x_wconf 90' lang='lat' dir='ltr'>inde</span> <span class='ocrx_word' id='word_1_83' title='bbox 496 1826 715 1902; x_wconf 80' lang='lat' dir='ltr'>constrictis</span> <span class='ocrx_word' id='word_1_84' title='bbox 739 1826 843 1902; x_wconf 89' lang='lat' dir='ltr'>etin</span> <span class='ocrx_word' id='word_1_85' title='bbox 868 1825 1026 1904; x_wconf 81' lang='lat' dir='ltr'>cellulas</span> <span class='ocrx_word' id='word_1_86' title='bbox 1051 1827 1221 1930; x_wconf 86' lang='lat' dir='ltr'>dilapsis.</span> 
     </span>
    </p>
   </div>
   <div class='ocr_carea' id='block_1_6' title="bbox 179 1961 1280 2611">
    <p class='ocr_par' dir='ltr' id='par_1_6' title="bbox 179 1961 1280 2611">
     <span class='ocr_line' id='line_1_14' title="bbox 357 1961 1280 2066; baseline 0 -26"><span class='ocrx_word' id='word_1_87' title='bbox 357 1964 485 2040; x_wconf 91' lang='lat' dir='ltr'>Simili</span> <span class='ocrx_word' id='word_1_88' title='bbox 509 1962 636 2040; x_wconf 90' lang='lat' dir='ltr'>modo</span> <span class='ocrx_word' id='word_1_89' title='bbox 664 1989 746 2065; x_wconf 92' lang='lat' dir='ltr'>quo</span> <span class='ocrx_word' id='word_1_90' title='bbox 771 1961 895 2040; x_wconf 90' lang='lat' dir='ltr'>fibrae</span> <span class='ocrx_word' id='word_1_91' title='bbox 921 1966 1123 2066; x_wconf 82' lang='lat' dir='ltr'>appositae</span> <span class='ocrx_word' id='word_1_92' title='bbox 1146 1963 1280 2043; x_wconf 88' lang='lat' dir='ltr'>lamel-</span> 
     </span>
     <span class='ocr_line' id='line_1_15' title="bbox 257 2076 1279 2179; baseline 0 -25"><span class='ocrx_word' id='word_1_93' title='bbox 257 2077 314 2155; x_wconf 90' lang='lat' dir='ltr'>las</span> <span class='ocrx_word' id='word_1_94' title='bbox 344 2077 617 2177; x_wconf 68' lang='lat' dir='ltr'>crystallorum</span> <span class='ocrx_word' id='word_1_95' title='bbox 646 2076 838 2165; x_wconf 88' lang='lat' dir='ltr'>formant,</span> <span class='ocrx_word' id='word_1_96' title='bbox 880 2091 919 2152; x_wconf 89' lang='lat' dir='ltr'>et</span> <span class='ocrx_word' id='word_1_97' title='bbox 949 2078 1080 2155; x_wconf 89' lang='lat' dir='ltr'>tubuli</span> <span class='ocrx_word' id='word_1_98' title='bbox 1113 2077 1279 2179; x_wconf 89' lang='lat' dir='ltr'>appositi</span> 
     </span>
     <span class='ocr_line' id='line_1_16' title="bbox 179 2189 1279 2297; baseline -0.001 -28"><span class='ocrx_word' id='word_1_99' title='bbox 179 2291 181 2294; x_wconf 16' lang='grc' dir='ltr'>Ι</span> <span class='ocrx_word' id='word_1_100' title='bbox 255 2194 497 2296; x_wconf 84' lang='lat' dir='ltr'>plantarum,</span> <span class='ocrx_word' id='word_1_101' title='bbox 535 2216 753 2270; x_wconf 87' lang='lat' dir='ltr'>nervorum</span> <span class='ocrx_word' id='word_1_102' title='bbox 786 2190 967 2280; x_wconf 85' lang='lat' dir='ltr'>nomine,</span> <span class='ocrx_word' id='word_1_103' title='bbox 1008 2206 1137 2297; x_wconf 89' lang='lat' dir='ltr'>partes</span> <span class='ocrx_word' id='word_1_104' title='bbox 1168 2189 1279 2268; x_wconf 87' lang='lat' dir='ltr'>folia·</span> 
     </span>
     <span class='ocr_line' id='line_1_17' title="bbox 258 2294 1279 2394; baseline -0.003 -11"><span class='ocrx_word' id='word_1_105' title='bbox 258 2294 343 2384; x_wconf 82' lang='lat' dir='ltr'>ceas</span> <span class='ocrx_word' id='word_1_106' title='bbox 380 2308 529 2384; x_wconf 88' lang='lat' dir='ltr'>sistunt</span> <span class='ocrx_word' id='word_1_107' title='bbox 590 2309 674 2382; x_wconf 90' lang='lat' dir='ltr'>Hae</span> <span class='ocrx_word' id='word_1_108' title='bbox 708 2328 803 2380; x_wconf 89' lang='lat' dir='ltr'>vero</span> <span class='ocrx_word' id='word_1_109' title='bbox 836 2327 920 2378; x_wconf 89' lang='lat' dir='ltr'>sese</span> <span class='ocrx_word' id='word_1_110' title='bbox 951 2327 1037 2380; x_wconf 92' lang='lat' dir='ltr'>non</span> <span class='ocrx_word' id='word_1_111' title='bbox 1063 2304 1279 2394; x_wconf 82' lang='lat' dir='ltr'>decussant,</span> 
     </span>
     <span class='ocr_line' id='line_1_18' title="bbox 257 2417 1278 2522; baseline -0.002 -26"><span class='ocrx_word' id='word_1_112' title='bbox 257 2420 327 2496; x_wconf 89' lang='lat' dir='ltr'>sed</span> <span class='ocrx_word' id='word_1_113' title='bbox 353 2419 607 2522; x_wconf 82' lang='lat' dir='ltr'>complicatae</span> <span class='ocrx_word' id='word_1_114' title='bbox 633 2432 670 2493; x_wconf 93' lang='lat' dir='ltr'>et</span> <span class='ocrx_word' id='word_1_115' title='bbox 695 2417 929 2495; x_wconf 83' lang='lat' dir='ltr'>convolutae</span> <span class='ocrx_word' id='word_1_116' title='bbox 953 2441 1098 2518; x_wconf 85' lang='lat' dir='ltr'>organa</span> <span class='ocrx_word' id='word_1_117' title='bbox 1117 2441 1278 2520; x_wconf 84' lang='lat' dir='ltr'>genera-</span> 
     </span>
     <span class='ocr_line' id='line_1_19' title="bbox 256 2533 824 2611; baseline -0.005 -1"><span class='ocrx_word' id='word_1_118' title='bbox 256 2533 357 2611; x_wconf 87' lang='lat' dir='ltr'>tori&#39;a</span> <span class='ocrx_word' id='word_1_119' title='bbox 381 2533 546 2609; x_wconf 90' lang='lat' dir='ltr'>tandem</span> <span class='ocrx_word' id='word_1_120' title='bbox 571 2533 824 2610; x_wconf 86' lang='lat' dir='ltr'>constituunt</span> 
     </span>
    </p>
   </div>
   <div class='ocr_carea' id='block_1_7' title="bbox 253 2667 1276 4160">
    <p class='ocr_par' dir='ltr' id='par_1_7' title="bbox 253 2667 1276 4160">
     <span class='ocr_line' id='line_1_20' title="bbox 351 2667 1276 2778; baseline 0.001 -29"><span class='ocrx_word' id='word_1_121' title='bbox 351 2671 493 2750; x_wconf 82' lang='lat' dir='ltr'>Fluida</span> <span class='ocrx_word' id='word_1_122' title='bbox 522 2695 739 2776; x_wconf 76' lang='lat' dir='ltr'>corporum</span> <span class='ocrx_word' id='word_1_123' title='bbox 771 2667 1047 2778; x_wconf 83' lang='lat' dir='ltr'>organicorum</span> <span class='ocrx_word' id='word_1_124' title='bbox 1087 2671 1130 2748; x_wconf 91' lang='lat' dir='ltr'>in</span> <span class='ocrx_word' id='word_1_125' title='bbox 1169 2670 1276 2774; x_wconf 88' lang='lat' dir='ltr'>ipso·</span> 
     </span>
     <span class='ocr_line' id='line_1_21' title="bbox 254 2785 1275 2890; baseline 0.005 -29"><span class='ocrx_word' id='word_1_126' title='bbox 254 2813 348 2868; x_wconf 88' lang='lat' dir='ltr'>rum</span> <span class='ocrx_word' id='word_1_127' title='bbox 387 2785 640 2889; x_wconf 75' lang='lat' dir='ltr'>&#39;receptaculis</span> <span class='ocrx_word' id='word_1_128' title='bbox 677 2798 876 2874; x_wconf 84' lang='lat' dir='ltr'>contenta,</span> <span class='ocrx_word' id='word_1_129' title='bbox 916 2786 1113 2864; x_wconf 86' lang='lat' dir='ltr'>rarissime</span> <span class='ocrx_word' id='word_1_130' title='bbox 1150 2812 1275 2890; x_wconf 83' lang='lat' dir='ltr'>aquea</span> 
     </span>
     <span class='ocr_line' id='line_1_22' title="bbox 255 2899 1274 3008; baseline -0.002 -28"><span class='ocrx_word' id='word_1_131' title='bbox 255 2916 362 2994; x_wconf 86' lang='lat' dir='ltr'>sunt,</span> <span class='ocrx_word' id='word_1_132' title='bbox 388 2901 459 2978; x_wconf 89' lang='lat' dir='ltr'>sed</span> <span class='ocrx_word' id='word_1_133' title='bbox 487 2900 617 2977; x_wconf 90' lang='lat' dir='ltr'>statim</span> <span class='ocrx_word' id='word_1_134' title='bbox 640 2899 903 3008; x_wconf 83' lang='lat' dir='ltr'>mutationem</span> <span class='ocrx_word' id='word_1_135' title='bbox 928 2903 1110 2980; x_wconf 87' lang='lat' dir='ltr'>subeunt</span> <span class='ocrx_word' id='word_1_136' title='bbox 1158 2905 1274 2980; x_wconf 79' lang='lat' dir='ltr'>Later</span> 
     </span>
     <span class='ocr_line' id='line_1_23' title="bbox 256 3013 1274 3122; baseline -0.006 -24"><span class='ocrx_word' id='word_1_137' title='bbox 256 3041 429 3118; x_wconf 84' lang='lat' dir='ltr'>aquosus</span> <span class='ocrx_word' id='word_1_138' title='bbox 472 3038 494 3091; x_wconf 90' lang='lat' dir='ltr'>e</span> <span class='ocrx_word' id='word_1_139' title='bbox 540 3013 703 3092; x_wconf 85' lang='lat' dir='ltr'>ramulis</span> <span class='ocrx_word' id='word_1_140' title='bbox 747 3015 846 3092; x_wconf 90' lang='lat' dir='ltr'>Vitis</span> <span class='ocrx_word' id='word_1_141' title='bbox 875 3015 1076 3122; x_wconf 27' lang='lat' dir='ltr'>&#39;viniferae</span> <span class='ocrx_word' id='word_1_142' title='bbox 1117 3014 1274 3094; x_wconf 89' lang='lat' dir='ltr'>resectis</span> 
     </span>
     <span class='ocr_line' id='line_1_24' title="bbox 254 3128 897 3230; baseline -0.003 -22"><span class='ocrx_word' id='word_1_143' title='bbox 254 3132 401 3230; x_wconf 79' lang='lat' dir='ltr'>stillans</span> <span class='ocrx_word' id='word_1_144' title='bbox 423 3129 703 3230; x_wconf 79' lang='lat' dir='ltr'>mucilaginem</span> <span class='ocrx_word' id='word_1_145' title='bbox 727 3128 897 3206; x_wconf 82' lang='lat' dir='ltr'>dimittit</span> 
     </span>
     <span class='ocr_line' id='line_1_25' title="bbox 259 3265 1272 3369; baseline 0 -23"><span class='ocrx_word' id='word_1_146' title='bbox 259 3319 265 3326; x_wconf 92' lang='lat'><em>-</em></span> <span class='ocrx_word' id='word_1_147' title='bbox 350 3266 490 3346; x_wconf 80' lang='lat' dir='ltr'>Fluida</span> <span class='ocrx_word' id='word_1_148' title='bbox 504 3281 584 3346; x_wconf 85' lang='lat' dir='ltr'>tam</span> <span class='ocrx_word' id='word_1_149' title='bbox 599 3267 885 3366; x_wconf 77' lang='lat' dir='ltr'>vegetabilium,</span> <span class='ocrx_word' id='word_1_150' title='bbox 901 3291 1023 3369; x_wconf 86' lang='lat' dir='ltr'>quam</span> <span class='ocrx_word' id='word_1_151' title='bbox 1040 3265 1272 3347; x_wconf 87' lang='lat' dir='ltr'>animalium</span> 
     </span>
     <span class='ocr_line' id='line_1_26' title="bbox 255 3381 1272 3487; baseline -0.003 -23"><span class='ocrx_word' id='word_1_152' title='bbox 255 3383 440 3487; x_wconf 83' lang='lat' dir='ltr'>globulos</span> <span class='ocrx_word' id='word_1_153' title='bbox 468 3381 636 3469; x_wconf 84' lang='lat' dir='ltr'>¹vehunt,</span> <span class='ocrx_word' id='word_1_154' title='bbox 672 3382 718 3458; x_wconf 89' lang='lat' dir='ltr'>in</span> <span class='ocrx_word' id='word_1_155' title='bbox 748 3382 938 3479; x_wconf 65' lang='lat' dir='ltr'>samniae</span> <span class='ocrx_word' id='word_1_156' title='bbox 967 3382 1144 3483; x_wconf 87' lang='lat' dir='ltr'>primum</span> <span class='ocrx_word' id='word_1_157' title='bbox 1177 3407 1272 3461; x_wconf 89' lang='lat' dir='ltr'>con·</span> 
     </span>
     <span class='ocr_line' id='line_1_27' title="bbox 254 3495 1271 3604; baseline -0.001 -26"><span class='ocrx_word' id='word_1_158' title='bbox 254 3514 417 3604; x_wconf 88' lang='lat' dir='ltr'>spectos.</span> <span class='ocrx_word' id='word_1_159' title='bbox 475 3500 639 3584; x_wconf 86' lang='lat' dir='ltr'>Succus,</span> <span class='ocrx_word' id='word_1_160' title='bbox 671 3495 741 3596; x_wconf 91' lang='lat' dir='ltr'>qui</span> <span class='ocrx_word' id='word_1_161' title='bbox 770 3509 932 3580; x_wconf 80' lang='lat' dir='ltr'>vocatur</span> <span class='ocrx_word' id='word_1_162' title='bbox 953 3495 1138 3598; x_wconf 88' lang='lat' dir='ltr'>proprius</span> <span class='ocrx_word' id='word_1_163' title='bbox 1161 3497 1271 3598; x_wconf 83' lang='lat' dir='ltr'>plan·</span> 
     </span>
     <span class='ocr_line' id='line_1_28' title="bbox 254 3607 1270 3715; baseline -0.004 -23"><span class='ocrx_word' id='word_1_164' title='bbox 254 3630 401 3701; x_wconf 85' lang='lat' dir='ltr'>tarum,</span> <span class='ocrx_word' id='word_1_165' title='bbox 431 3611 661 3715; x_wconf 87' lang='lat' dir='ltr'>praesertim</span> <span class='ocrx_word' id='word_1_166' title='bbox 690 3607 886 3707; x_wconf 89' lang='lat' dir='ltr'>ejusmodi</span> <span class='ocrx_word' id='word_1_167' title='bbox 906 3610 1087 3710; x_wconf 67' lang='lat' dir='ltr'>⁴globulis</span> <span class='ocrx_word' id='word_1_168' title='bbox 1118 3625 1175 3688; x_wconf 87' lang='lat' dir='ltr'>est</span> <span class='ocrx_word' id='word_1_169' title='bbox 1209 3637 1270 3700; x_wconf 85' lang='lat' dir='ltr'>re-</span> 
     </span>
     <span class='ocr_line' id='line_1_29' title="bbox 255 3722 1268 3824; baseline -0.006 -18"><span class='ocrx_word' id='word_1_170' title='bbox 255 3729 385 3806; x_wconf 84' lang='lat' dir='ltr'>fertus.</span> <span class='ocrx_word' id='word_1_171' title='bbox 442 3726 543 3803; x_wconf 86' lang='lat' dir='ltr'>Hinc</span> <span class='ocrx_word' id='word_1_172' title='bbox 575 3722 734 3804; x_wconf 84' lang='lat' dir='ltr'>credere</span> <span class='ocrx_word' id='word_1_173' title='bbox 763 3725 871 3814; x_wconf 73' lang='lat' dir='ltr'>licet,</span> <span class='ocrx_word' id='word_1_174' title='bbox 893 3723 1079 3824; x_wconf 79' lang='lat' dir='ltr'>globulos</span> <span class='ocrx_word' id='word_1_175' title='bbox 1103 3724 1199 3802; x_wconf 86' lang='lat' dir='ltr'>istos</span> <span class='ocrx_word' id='word_1_176' title='bbox 1218 3749 1268 3822; x_wconf 40' lang='lat' dir='ltr'>,ea</span> 
     </span>
     <span class='ocr_line' id='line_1_30' title="bbox 254 3837 1269 3942; baseline -0.002 -23"><span class='ocrx_word' id='word_1_177' title='bbox 254 3842 419 3920; x_wconf 63' lang='lat' dir='ltr'>visuali</span> <span class='ocrx_word' id='word_1_178' title='bbox 444 3863 528 3918; x_wconf 89' lang='lat' dir='ltr'>esse</span> <span class='ocrx_word' id='word_1_179' title='bbox 551 3837 857 3942; x_wconf 69' lang='lat' dir='ltr'>donatos-quae</span> <span class='ocrx_word' id='word_1_180' title='bbox 882 3838 1019 3918; x_wconf 84' lang='lat' dir='ltr'>fluidis</span> <span class='ocrx_word' id='word_1_181' title='bbox 1038 3839 1151 3926; x_wconf 79' lang='lat' dir='ltr'>inest</span> <span class='ocrx_word' id='word_1_182' title='bbox 1175 3863 1269 3917; x_wconf 81' lang='lat' dir='ltr'>nom</span> 
     </span>
     <span class='ocr_line' id='line_1_31' title="bbox 254 3949 1267 4058; baseline -0.005 -23"><span class='ocrx_word' id='word_1_183' title='bbox 254 3955 378 4035; x_wconf 81' lang='lat' dir='ltr'>fluido</span> <span class='ocrx_word' id='word_1_184' title='bbox 409 3956 511 4058; x_wconf 85' lang='lat' dir='ltr'>ipsa,</span> <span class='ocrx_word' id='word_1_185' title='bbox 534 3967 674 4057; x_wconf 79' lang='lat' dir='ltr'>utpote</span> <span class='ocrx_word' id='word_1_186' title='bbox 699 3949 832 4040; x_wconf 77' lang='lat' dir='ltr'>cen&#39;tro</span> <span class='ocrx_word' id='word_1_187' title='bbox 857 3975 941 4036; x_wconf 82' lang='lat' dir='ltr'>non</span> <span class='ocrx_word' id='word_1_188' title='bbox 964 3952 1127 4042; x_wconf 74' lang='lat' dir='ltr'>donata,</span> <span class='ocrx_word' id='word_1_189' title='bbox 1151 3954 1189 4031; x_wconf 71' lang='lat' dir='ltr'>vl</span> <span class='ocrx_word' id='word_1_190' title='bbox 1213 3954 1267 4030; x_wconf 54' lang='lat' dir='ltr'>vi*</span> 
     </span>
     <span class='ocr_line' id='line_1_32' title="bbox 253 4068 774 4160; baseline 0.01 -12"><span class='ocrx_word' id='word_1_191' title='bbox 253 4070 319 4148; x_wconf 83' lang='lat' dir='ltr'>uli</span> <span class='ocrx_word' id='word_1_192' title='bbox 344 4091 475 4152; x_wconf 80' lang='lat' dir='ltr'>carere</span> <span class='ocrx_word' id='word_1_193' title='bbox 496 4068 710 4160; x_wconf 71' lang='lat' dir='ltr'>sidentur..</span> <span class='ocrx_word' id='word_1_194' title='bbox 769 4145 774 4152; x_wconf 92' lang='lat'>.</span> 
     </span>
    </p>
   </div>
   <div class='ocr_carea' id='block_1_8' title="bbox 0 0 1428 4888">
    <p class='ocr_par' dir='ltr' id='par_1_8' title="bbox 0 0 1428 4888">
     <span class='ocr_line' id='line_1_33' title="bbox 0 0 1428 4888; baseline 0 4"><span class='ocrx_word' id='word_1_195' title='bbox 0 0 1428 4888; x_wconf 95' lang='lat' dir='ltr'> </span> 
     </span>
    </p>
   </div>
  </div>
 </body>
</html>
