2848 4888
510 287 786 428 'Pnnnrn
1120 350 1168 428 nt

49 589 52 599 ¹
151 559 219 648 19.
278 553 472 648 Paratae
504 553 816 716 cpmpositae
846 566 964 644 sunt
995 576 1169 674 epau-

210 696 280 785 cis
317 694 578 818 principiis
616 691 876 798 chemicis
913 721 973 788 ex
1010 727 1169 815 oxyga-

150 961 153 966 ,
154 845 302 939 neo
334 837 625 970 hydr-egenen,
655 837 890 972 corboniso
926 847 976 926 et
1005 853 1151 927 azoto

246 1008 406 1104 Quae
394 1033 436 1084 ιιι
471 959 802 1108 praecedentibus
837 1007 938 1113 dicta
979 1021 1087 1096 sunt,
1120 1005 1171 1087 ad

146 1121 371 1224 plantarum
403 1119 575 1199 somnam
605 1135 687 1198 tam
718 1107 931 1212 externam,
965 1147 1088 1224 quam
1111 1123 1171 1200 in

147 1251 301 1314 ternam
333 1261 405 1312 seu
436 1249 672 1314 structuram
700 1237 907 1338 pertinent
971 1239 1089 1316 Nunc
1120 1237 1171 1318 ad

147 1351 352 1451 qualitates
374 1350 530 1452 plantae
553 1350 780 1438 transimus,
804 1351 849 1426 in
873 1352 1019 1454 quibus
1042 1353 1169 1430 inten-

145 1465 205 1540 sio
249 1479 321 1552 est,
364 1477 402 1540 et
435 1463 568 1565 primo
606 1463 697 1542 loco
734 1463 915 1544 indolem
951 1465 1171 1558 chemicam

146 1577 494 1656 considerabimus.
541 1581 589 1656 ln
615 1603 692 1680 qua
709 1579 951 1657 luculentam
966 1580 1070 1658 inter
1086 1607 1171 1660 cor-

144 1718 242 1796 pora
276 1695 457 1792 organica
491 1705 530 1772 et
560 1693 789 1791 inorganica
809 1694 1031 1797 reperimus
1051 1695 1170 1782 diffe-

147 1809 321 1885 rentiam.
381 1813 523 1906 Magna
555 1821 613 1884 est
635 1807 889 1886 metallorum
914 1809 1044 1911 copia,
1070 1835 1171 1912 quo-

148 1945 241 1996 rum
266 1919 392 2019 oxyda
409 1919 524 2016 variis
540 1919 674 2018 modis
690 1920 793 1998 inter
809 1947 850 2000 se
867 1936 906 1998 et
923 1947 1015 2000 cum
1033 1926 1170 2024 oxydis

147 2035 494 2130 inflammabilium
534 2035 653 2112 mixta
689 2036 800 2135 regui
835 2037 1035 2114 mineralis
1078 2064 1172 2118 con·
1280 2124 1283 2134 ¹

148 2150 316 2232 stituunt
349 2151 584 2238 varietatem.
651 2137 831 2253 Corpora
863 2151 1046 2252 organica
1075 2179 1171 2233 vero

149 2287 171 2342 e
201 2265 337 2367 paucis
365 2277 519 2355 tantum
543 2263 761 2365 principiis,
794 2289 839 2342 ex
864 2289 1076 2366 oxygeneo,
1099 2269 1171 2367 hy·

149 2376 368 2478 drogones,
393 2379 605 2472 carbonico
632 2391 670 2474 et
693 2391 808 2454 azoto
834 2379 1053 2480 composita
1069 2397 1172 2476 sunt,

147 2517 241 2572 nam
276 2517 377 2596 quae
409 2494 480 2571 alia
511 2493 554 2570 in
582 2491 660 2568 illis
686 2490 1041 2594 deprehenduntur
1064 2497 1171 2597 prin-

147 2609 247 2711 cipia
284 2607 487 2696 metallica.
518 2631 603 2682 non
648 2607 812 2708 quidem
854 2605 905 2684 ad
947 2609 1172 2708 organicam

146 2723 346 2855 pertinent
370 2745 618 2823 compagem,
643 2720 713 2797 sed
735 2720 876 2820 majori
893 2723 1089 2800 mino1ive
1106 2749 1172 2801 co·

147 2839 213 2942 pia
259 2835 441 2937 adspersa
486 2857 579 2911 casu
615 2848 771 2942 tantum
803 2836 938 2912 adesse
979 2836 1172 2914 videntur.

147 2956 196 3036 In
226 2949 506 3049 vegetabilibus
531 2933 692 3051 azotum
715 2949 952 3053 plerumque
978 2950 1140 3042 deest,
1128 2977 1171 3028 m

149 3065 386 3162 tumuitus
414 3064 539 3153 adest,
570 3043 681 3170 unde
712 3062 828 3140 multi
859 3064 1009 3142 horum
1040 3051 1172 3144 chara·

148 3195 296 3262 cterem
326 3179 372 3256 in
407 3191 521 3268 azoto
548 3177 773 3279 quaesivere
798 3179 1073 3278 (Treviranus
1081 3182 1172 3260 Bio-

147 3294 254 3394 logie
279 3299 324 3375 Τ.
342 3299 375 3373 1.
398 3319 436 3396 p.
454 3292 563 3389 lib).
611 3292 685 3368 Vix
710 3290 922 3371 credideris
946 3295 1171 3374 varietatem

149 3409 369 3488 chemicam
394 3421 432 3482 et
454 3406 657 3511 physicam
680 3405 724 3484 in
747 3406 889 3508 plantis
907 3433 928 3484 a
944 3409 1049 3484 varia
1064 3410 1171 3515 prin-

149 3525 348 3626 cipiorum
381 3522 605 3626 quantitate
624 3511 906 3599 tantummodo
941 3519 1061 3611 effici,
1100 3521 1171 3599 sed

148 3641 283 3741 potius
313 3637 525 3740 putaveris,
563 3635 766 3714 eandem
755 3661 798 3712 m
821 3634 949 3712 modo
975 3637 1171 3740 composi-

147 3754 268 3833 tionis
292 3751 461 3856 positam
486 3775 577 3828 esse.

154 3866 158 3876 '
245 3865 530 3969 Proportiones
571 3865 740 3965 oxydi
729 3889 772 3942 m
814 3863 1170 3968 compositionibus

152 4009 244 4060 cum
269 3981 408 4060 eadem
432 3983 593 4058 materia
619 3977 825 4079 (radicali)
850 3977 1071 4057 secundum
1097 4003 1169 4054 nu·

152 4123 285 4176 meros
323 4099 497 4196 integros
538 4095 741 4199 progredi,
784 4105 830 4172 et'
862 4096 904 4172 in
945 4091 1167 4194 oxydorum
