2852 4872
235 411 310 489 als
390 409 392 414 ·
670 347 829 492 unos.
890 407 891 410 ‘

242 608 290 684 lis
332 603 486 702 calycis,
527 599 693 676 stamina
734 598 777 672 in
820 593 943 671 axillis
962 651 965 656 .
986 589 1158 667 corollae
1200 600 1269 677 etc,

232 731 485 804 enascantur.
545 713 624 790 Sed
648 713 783 788 minus
808 724 912 784 recte
938 705 1108 802 calycem
1143 700 1270 778 corol-

245 835 325 914 lam
347 848 389 910 et
414 829 579 906 stamina
604 841 650 903 ut
674 825 770 901 folia
796 819 1059 898 consideravit
1074 816 1272 894 variarum

211 969 505 1050 ·gemmarum.
577 939 768 1040 Ejusdem
810 960 904 1012 sane
953 947 1046 1009 sunt
1081 953 1272 1030 gemmae,

246 1063 394 1140 habent
442 1057 548 1134 enirn
596 1055 717 1130 situm
749 1049 1032 1132 ¹verticillatum
1081 1047 1272 1122 alternan-

127 1211 133 1221 ·
236 1191 337 1263 tem,
371 1197 493 1275 quem
525 1167 621 1245 -solia
656 1191 704 1243 ex
736 1165 877 1242 eadem
914 1186 1070 1260 gemma
1107 1172 1272 1262 pronata

247 1287 473 1369 ostendunt
515 1315 518 1322 ¹
602 1304 604 1308 ·

345 1399 476 1478 Simul
501 1396 672 1496 calycem
699 1421 719 1473 e
738 1397 891 1484 cortice,
911 1391 1103 1470 corollam
1121 1413 1142 1465 e
1159 1386 1273 1473 libro,

247 1517 474 1596 staminae
509 1511 638 1610 lign0,
679 1511 871 1613 pistillum
910 1533 1002 1584 cum
1040 1503 1219 1603 germine
1251 1523 1274 1577 e
1384 1553 1387 1557 -

247 1628 424 1708 medulla
455 1627 555 1704 oriri
587 1625 696 1701 idem
727 1626 923 1701 Linnaeus
956 1619 1109 1723 putavit
1133 1619 1274 1714 (Meta-

247 1742 477 1844 morphosis
508 1741 732 1843 plantarum
763 1738 959 1816 Amoenit.
993 1732 1097 1811 acad.
1127 1733 1174 1806 V.
1205 1730 1274 1825 4.).

237 1857 436 1946 Minime,
478 1856 518 1931 si
568 1867 806 1930 structuram
844 1863 998 1928 tantum
1035 1844 1275 1949 spectaret-is.

251 1977 354 2048 Nam
388 1994 528 2048 omnes
560 1983 689 2070 partes
714 1967 856 2041 relatae
883 1991 904 2042 e
928 1962 1123 2054 fasciculis
1148 1960 1276 2059 ligno·

242 2085 304 2175 ¹sis
336 2082 707 2184 etparenchymate
737 2095 807 2156 aut
829 2067 1158 2182 prosenchymate
1183 2097 1277 2151 con·

251 2211 368 2286 stant,
400 2211 438 2274 at
467 2195 642 2272 medulla
677 2209 716 2271 et
741 2207 872 2271 cortex
895 2192 1089 2271 fasciculis
1113 2189 1278 2287 lignosis

253 2326 401 2398 carent,
440 2322 477 2384 et
508 2309 608 2384 liber
639 2307 738 2383 vasis
770 2306 994 2409 spiralibus,
1034 2329 1136 2408 quae
1168 2303 1277 2402 ligno

253 2448 338 2502 non
374 2423 529 2498 desunt.
573 2423 632 2498 ·Si
664 2445 758 2497 vero
792 2421 843 2497 ad
875 2420 1012 2497 locum
1042 2419 1167 2517 magis
1204 2418 1279 2493 mi·

253 2561 377 2614 nusve
409 2536 613 2611 internum
642 2549 798 2610 tanturn
821 2533 996 2634 respicis,
1023 2531 1174 2634 aliquid
1197 2532 1278 2608 veri

253 2651 296 2726 in
320 2651 394 2726 hac
418 2648 571 2724 theoria
597 2649 740 2736 inesse,
765 2672 850 2724 non
875 2645 1105 2745 negandum
1130 2647 1213 2722 erit.

118 2847 123 2856 ,
246 2827 249 2835 .
351 2761 692 2863 Metamorphosin
704 2764 934 2864 plantarum
953 2761 1104 2862 optime
1124 2759 1280 2838 Goethe

257 2878 437 2981 exposuit
460 2877 655 2975 (Versuch
673 2877 738 2953 die
753 2877 1077 2978 Metamorphose
1094 2873 1131 2950 d.
1150 2873 1280 2952 Pssan-

159 2983 163 2990 ’
257 3017 329 3069 zen
363 3017 416 3068 zu
448 2991 633 3067 erklaren.
676 2991 807 3068 Gotha
834 2996 940 3070 1790.
984 2997 1065 3066 Zur
1087 2987 1283 3088 Morphe-

256 3101 371 3202 logie.
404 3107 437 3179 1..
462 3103 532 3180 Bd.
565 3105 703 3204 Stuttg.
729 3131 767 3182 u.
794 3103 962 3203 Tiibing.
983 3103 1115 3199 lala).
1165 3101 1281 3180 Plan-

255 3231 337 3294 tam
379 3217 477 3294 sistit
515 3218 574 3292 uti
616 3218 916 3296 alternationem
958 3215 1206 3317 expansionis
1244 3228 1282 3292 et
1417 3243 1418 3328 p

248 3331 546 3442 contractionis
589 3332 704 3408 llos
744 3332 787 3413 in
821 3341 966 3430 genere
1003 3328 1283 3406 contractionis

251 3457 511 3524 ‚momentum
544 3445 759 3522 *constituit
822 3444 901 3520 Sed
940 3441 1039 3519 dum
1065 3442 1118 3515 win
1153 3441 1282 3540 calyce
1417 3431 1418 3480 l

259 3555 473 3644 contractio
527 3567 685 3654 regnat,
741 3558 888 3634 iterum
936 3554 1170 3656 expanditur
1215 3582 1281 3632 co·

257 3668 372 3756 rolla,
405 3671 656 3757 staminibus,
688 3671 859 3748 antheris
893 3685 931 3746 et
961 3670 1113 3772 polline
1143 3694 1281 3748 rursus

253 3797 298 3869 ,ct
315 3782 497 3860 *maxime
533 3785 759 3870 contractis,
799 3785 1018 3886 pericarpio
1049 3783 1186 3864 denuo
1218 3809 1282 3862 ex·

254 3916 401 3999 panso,
442 3915 570 4000 usque
604 3897 653 3973 ad
687 3913 887 3974 summam
918 3899 1150 3995 embryonis
1187 3923 1281 3976 con·

251 4013 502 4088 tractionem.
532 4016 662 4104 ,Haec
693 4021 854 4090 naturae
888 4013 1081 4090 oscillatio
1108 4037 1193 4090 non
1219 4037 1281 4088 so·

257 4124 342 4204 lum
368 4126 409 4202 in
435 4125 680 4216 Machanicis,
698 4127 876 4229 pendulo
892 4127 1047 4216 scilicet,
1071 4127 1191 4205 undis
1213 4141 1280 4204 etc.
1417 4153 1418 4156 ‘
