2848 4888
180 317 182 327 ’
283 377 331 452 u
603 371 983 454 annuerunt.

281 571 378 652 hato
413 591 508 650 uero
539 569 683 652 minus.
721 563 971 652 ,Parueua'a
994 567 1114 668 hujus
1145 581 1302 648 contex-

281 698 346 764 tus
382 709 483 786 aqua
520 695 651 764 coctae
691 705 775 761 uon
814 684 1079 762 mutabantur.
1139 685 1189 760 At
1218 682 1301 759 vidi

250 781 397 900 'saepe
420 796 655 878 foraminula
679 796 760 884 isn,
786 821 887 898 quae
911 797 1160 898 putabantur,
1178 796 1300 878 altero

281 913 399 990 latere
414 912 633 1010 marginem
654 910 994 1012 circumscriptum
1013 910 1166 1000 habere,
1179 911 1301 988 altero

165 1069 171 1080 ,
282 1027 563 1113 oblitteratum,
589 1023 657 1123 qui
683 1047 795 1112 veru,
820 1025 980 1126 speculo
1006 1049 1214 1114 converso,
1241 1051 1302 1104 re-

280 1139 513 1222 stituentur.
574 1138 676 1218 Hinc
710 1151 817 1240 patet
848 1138 1015 1216 alterum
1045 1138 1146 1216 latus
1179 1139 1301 1218 altero

279 1253 404 1352 tnagis
434 1252 701 1354 prominuisse
726 1267 765 1330 et
787 1253 998 1351 granulum
1019 1253 1162 1344 fuisse,
1188 1253 1302 1357 quod

162 1403 165 1416 ·
279 1371 468 1451 foramen,
504 1366 743 1445 credebatur.
811 1371 905 1446 Non
945 1367 1101 1456 mirum,
1118 1367 1301 1465 -granula
1389 1465 1390 1468 Ν

279 1485 352 1562 ista
377 1507 477 1583 aqua
501 1505 586 1560 non
611 1479 739 1561 soluta
765 1503 862 1568 esse,
888 1505 981 1557 cum
1006 1482 1048 1558 in
1072 1479 1214 1584 plantis
1238 1505 1301 1556 va-

278 1599 381 1674 riam
420 1595 591 1670 habeant
630 1593 810 1672 indolem
842 1593 1070 1672 chemicam.
1125 1595 1302 1674 Medulla

282 1708 468 1788 Sambuci
501 1705 658 1786 cellulas
687 1706 787 1784 mihi
825 1707 969 1785 obtulit
1000 1707 1129 1787 multo
1165 1708 1302 1790 minus

280 1821 422 1900 faciem
444 1845 641 1921 pororum
665 1844 758 1920 prae
783 1843 824 1896 se
848 1818 1035 1910 serentes,
1061 1846 1182 1924 quam
1208 1845 1301 1899 cou-
1415 1853 1416 1924 ἦ

277 1950 404 2014 textus
430 1934 610 2031 eycadia
644 1931 896 2034 granulisque
921 1935 1005 2014 sine
1031 1933 1156 2012 dubio
1181 1933 1301 2012 refer·
1415 1933 1416 1938 ‘

277 2065 345 2130 tas.
404 2052 465 2126 De
502 2047 649 2130 cellulis
684 2047 841 2150 porosis
883 2045 1161 2126 Couiserarum
1197 2047 1300 2126 iufra
1415 2059 1416 2070 ’

279 2164 569 2355 dlcetlllllulam
593 2273 789 2372 singulam
812 2275 975 2354 mbram
998 2275 1101 2354 inter
1128 2276 1300 2378 reliquas

98 2394 101 2403 “
231 2403 233 2406 ’
277 2418 364 2468 non
389 2391 584 2468 coloratas
604 2412 689 2466 uon
713 2413 803 2464 raro
827 2390 1006 2492 reperies,
1032 2414 1063 2466 e.
1079 2413 1113 2490 g.
1130 2391 1172 2466 in
1190 2389 1301 2466 caule

274 2504 519 2607 Impatientis
544 2501 803 2589 Balsominae,
829 2503 939 2604 quod
966 2503 1129 2604 quidem
1154 2505 1301 2606 probat

272 2619 461 2695 *cellulam
484 2613 665 2716 undique
689 2615 859 2694 clausam
877 2641 968 2695 esse.
1017 2615 1196 2696 Deficere
1212 2641 1300 2697 suc-

277 2759 373 2810 cum
406 2731 456 2806 ad
487 2729 658 2830 reliquas
683 2728 839 2806 cellulas
862 2730 1069 2828 tingendas
1093 2731 1300 2834 Rudolphi

270 2850 410 2946 (Anat
450 2871 487 2946 p.
527 2845 631 2940 250.)
658 2843 729 2931 ait,
752 2857 790 2920 at
813 2844 843 2920 si
869 2845 969 2923 liber
993 2859 1093 2924 esset
1115 2847 1301 2922 transitus

270 2963 380 3040 succi
407 2984 428 3037 e
453 2957 591 3036 cellula
615 2958 658 3036 in
684 2957 874 3046 cellulam,
898 2956 1011 3036 color
1034 2959 1106 3036 iste
1132 2961 1298 3036 circum.-

276 3078 441 3177 scriptus
472 3097 557 3149 nou
583 3087 700 3160 esset,
731 3071 802 3150 sed
833 3073 982 3150 sensim
1004 3073 1233 3177 sensimque
1256 3073 1298 3150 iu

140 3239 141 3242 κ
276 3189 367 3265 alias
393 3184 685 3264 diffunderetur
709 3184 866 3262 cellulas
891 3184 1118 3283 adiacentes.

373 3300 542 3395 Quaevis
576 3299 710 3400 itaque
751 3298 890 3376 cellula
927 3323 1107 3400 organon
1139 3315 1197 3378 est
1226 3325 1300 3404 par

274 3441 318 3492 se
343 3415 522 3500 existens,
549 3426 587 3490 et
611 3412 748 3492 cellula
774 3413 928 3512 singula
945 3429 1012 3492 aut
1026 3416 1162 3518 plures
1177 3439 1297 3492 succo

272 3527 460 3632 peculiari
493 3525 673 3626 uugidae
710 3527 833 3604 instar
869 3526 1078 3625 glandulae
1115 3527 1330 3608 consido.

273 3642 353 3719 rari
375 3655 552 3742 possunt

367 3759 569 3834 Humores
591 3756 731 3856 itaque
750 3778 772 3830 a
797 3755 933 3834 cellula
958 3757 1002 3834 in
1027 3757 1216 3836 cellulam.
1235 3783 1298 3836 ex·-

272 3870 482 3952 sudationa
512 3870 679 3948 transire
710 3883 876 3972 oportet
932 3873 1039 3950 Cum
1060 3871 1296 3974 rami-plan

271 3998 403 4064 uirum
442 3984 670 4088 liquoribus
703 3983 891 4064 oolomtis
928 3985 1223 4072 immittuntur„
1252 3983 1296 4062 hi

271 4121 359 4176 non
390 4101 595 4178 transeunt
618 4098 660 4178 iu
694 4096 871 4186 cellulas,
896 4097 974 4178 nisi
997 4099 1127 4180 calore
1153 4121 1294 4201 expan-
