2862 4882
1090 403 1166 481 ⁶20?

579 842 767 972 vu
915 931 917 934 ·

455 1064 844 1172 GEMMA.

137 1451 239 1544 125.
304 1445 538 1539 GEMMA
581 1459 657 1537 est
697 1447 1043 1541 rudimentum
1092 1451 1162 1540 su·
1204 1541 1208 1556 ,

193 1589 298 1698 turi
331 1584 495 1716 caulis
514 1589 716 1680 ramice.

231 1757 525 1835 Rudimentum
549 1783 748 1846 vocam-us,
776 1759 867 1860 quia
892 1774 1021 1860 partes
1038 1757 1162 1836 futuri

137 1871 261 1948 caulis
285 1874 464 1973 ramique
489 1873 645 1949 exhibet
662 1875 804 1948 minus
830 1873 1012 1949 evolutas.

235 1984 381 2061 Differt
412 2013 432 2062 a
464 1987 632 2075 semine,
667 1977 788 2090 quod
812 1986 1071 2064 solummodo
1097 2013 1163 2062 ru-

138 2100 313 2177 dimenta
332 2099 451 2178 caulis
469 2104 651 2204 ramique
668 2125 743 2178 nec
759 2101 902 2178 radicis
920 2089 1125 2178 contineat.

234 2215 356 2311 Quod
391 2239 595 2314 gemmam
629 2216 816 2306 dicimus,
856 2218 1053 2293 Linnaeus
1084 2221 1162 2314 Hy-

134 2330 395 2420 bernactrlum
428 2346 555 2420 vocat,
574 2331 658 2408 'sed
687 2331 742 2408 'ad
770 2357 840 2408 eas
869 2347 1024 2410 tantum
1056 2357 1162 2432 gem·

134 2445 233 2522 mas*
250 2445 468 2533 restrinxit,
503 2471 604 2546 quae
635 2472 707 2548 per
730 2447 916 2546 hyemem
940 2448 1162 2549 persistunt,
1230 2493 1240 2514 ι

134 2553 348 2663 antequam
374 2559 624 2662 explicantur.
672 2550 818 2638 Plu'los.
846 2562 971 2640 boton.
998 2565 1028 2660 ἕ.
1054 2565 1132 2639 85.·

232 2681 401 2750 Gemma
432 2687 493 2750 est
512 2673 606 2775 pars
630 2674 786 2776 plantae
816 2675 937 2751 radici
968 2676 1163 2775 (mediate

137 2801 206 2865 aut
228 2787 479 2885 immediate)
504 2789 699 2878 insidens,
719 2812 827 2891 ¹quae
854 2789 1022 2866 occultat
1046 2815 1162 2892 squa-

134 2901 223 2990 mis,
248 2893 439 2978 foliorum
456 2902 706 2991 rudimentis,
724 2903 983 3001 embryonem
1006 2902 1162 2998 futurae

134 3017 291 3093 herbae.
338 3017 505 3094 Lz'tznuei
523 3017 628 3092 Dias.
651 3021 697 3093 cle
712 3019 868 3118 gemmis
886 3045 974 3119 resp.
992 3016 1163 3118 Losst'ug

134 3133 298 3208 Amoen.
325 3135 432 3207 acad.
462 3131 508 3205 V.
526 3134 560 3205 ‘k
583 3159 619 3232 p.
648 3135 729 3208 187.

230 3243 458 3344 Ludwtgius
488 3267 651 3342 germen
684 3261 798 3322 vocat
829 3261 866 3324 et
906 3243 1032 3321 addit:
1076 3246 1162 3319 Hoc

132 3359 192 3436 vel
230 3358 390 3436 nudum
416 3373 496 3446 est,
533 3359 594 3435 vel
627 3362 802 3462 squamis
836 3363 1008 3436 cinctum
1045 3372 1082 3438 et
1106 3372 1161 3432 te-

133 3490 251 3562 ctum,
272 3497 360 3576 quo
385 3474 430 3549 in
462 3497 557 3551 casu
591 3475 793 3576 speciatim
824 3497 980 3573 gemma
1008 3471 1161 3549 dicitur.

131 3589 251 3666 instit.
287 3591 395 3688 regni
415 3589 576 3689 oegctab.
610 3593 640 3688 §
667 3594 724 3665 66.
774 3593 868 3664 Non
894 3611 998 3687 nego
1025 3602 1161 3689 aptum

133 3727 216 3778 esse
248 3702 438 3801 germinis
467 3703 726 3792 vocabulum,-
760 3718 798 3780 at
828 3725 936 3778 nunc
969 3705 1043 3803 pro
1066 3725 1161 3776 ova-

132 3815 194 3889 rio
222 3817 339 3890 nimis
364 3817 564 3892 usitatum.

225 3925 337 4018 Pars,
370 3931 517 4033 quibus
545 3929 722 4030 plantae,
751 3931 900 4032 absque
924 3928 1078 4030 praevia
1105 3925 1161 4002 le-

130 4041 387 4133 cundatione‚
411 4042 734 4145 multiplicantur,
755 4067 910 4140 gemma
930 4055 995 4118 est
1013 4039 1160 4118 Mance

126 4157 234 4236 Einl
260 4187 291 4232 z.
317 4157 634 4274 Pstonucnltumle
653 4185 690 4268 p.
714 4162 773 4236 67.
