2848 4888
533 324 773 442 rut-nna
892 421 895 428 .
979 359 980 364 ‘
1097 330 1163 438 fn

144 720 213 816 oo.
276 722 581 856 Formarum
604 736 654 816 et
672 715 825 816 totius
845 719 1029 814 indolis
1049 753 1165 816 con-

134 852 144 986 ]
200 857 478 986 'stantiain¹
499 861 883 986 generationum
913 864 1043 956 serie
1073 899 1166 990 spe·

138 1071 158 1081 ¹.
199 1013 314 1098 ciem
361 1005 627 1102 constituit
703 1003 1012 1117 vegetabilia
1059 1035 1166 1128 spe·

142 1204 162 1271 ,²
206 1146 336 1237 ciem
367 1173 509 1236 suam
530 1168 844 1236 conservare
869 1144 1115 1270 nituntur.

135 1433 143 1456 ,
205 1365 404 1445 ΑζΝιιΙΙιιιη
427 1365 698 1446 individuum
736 1367 780 1444 in
816 1389 941 1464 regno
979 1372 1166 1469 organico

141 1479 251 1556 alteri
282 1481 400 1580 plane
423 1481 559 1558 aimile
591 1496 663 1571 est,
700 1483 763 1558 uti
790 1507 912 1585 supra
945 1485 1167 1586 expositum

139 1603 221 1700 ost.¹
244 1659 246 1666 .
270 1592 473 1692 Ejusdem·
498 1595 640 1698 speciei
679 1609 783 1674 certe
819 1609 913 1674 sunt
952 1597 1168 1692 individua,

140 1729 244 1808 quae
281 1727 327 1784 et
363 1708 509 1786 iisdem
542 1710 772 1814 parentibus
807 1725 972 1812 pronata
1009 1712 1168 1792 suerint

143 1822 267 1918 Quod
291 1849 405 1912 vero,
428 1849 534 1900 ,cum
558 1822 608 1900 de
632 1823 816 1925 plurimis
841 1826 1076 1926 experientia
1101 1829 1169 1906 ad·

144 1935 297 2014 firmari
322 1952 512 2039 nequeat,
529 1934 724 2035 ⁴ejusdem
747 1937 890 2039 speciei
916 1965 1080 2042 quoquc
1098 1943 1169 2019 „di-

141 2054 288 2148 cimus,
325 2075 428 2153 quae
464 2075 511 2128 ex
546 2051 691 2129 iisdem
727 2053 957 2153 parentibus
985 2057 1168 2156 pronaoci

141 2166 354 2267 potuerint.
439 2176 442 2184 '

158 2349 162 2358 .
238 2285 383 2356 Forma
413 2278 610 2377 igiturne
640 2277 815 2374 indoles,
848 2280 950 2383 quae
979 2283 1169 2382 ingene-

141 2394 344 2471 rationum
374 2395 474 2472 serie
499 2393 694 2470 evanescit
717 2408 757 2471 et
779 2409 972 2485 mutatur,
997 2401 1169 2499 speciem

140 2507 382 2610 peculiarem
415 2531 500 2584 non
532 2506 696 2594 indicat,
732 2507 805 2584 scd
835 2510 1060 2588 varietatem
1085 2511 1169 2612 ejus

143 2622 304 2724 speciei,
336 2623 379 2696 in
412 2647 534 2724 quam
562 2621 709 2698 transit.
766 2626 868 2700 Sunt
891 2649 985 2702 vero
1010 2626 1170 2702 varieta-

28 2739 32 2756 '
128 2749 201 2826 ,tes
234 2735 517 2822 hereditariae,
554 2759 626 2836 per
665 2735 827 2836 longam
868 2739 1171 2836 generationum
1308 2734 1314 2750 ⁸

142 2849 287 2934 seriem
309 2861 557 2936 constantes,
590 2861 761 2926 attamen
787 2848 838 2926 ad
862 2865 1003 2952 typum
1027 2855 1169 2954 speciei

141 2961 411 3050 reducendae,
446 2959 557 3059 cujus
591 2962 766 3063 exempla
797 2965 988 3064 maebcnt
1010 2969 1170 3046 variotu-

141 3089 200 3152 tes
216 3076 414 3154 Brassicae
432 3074 640 3153 oleraceae.
667 3075 746 3153 Cfr.
761 3076 1014 3177 Beckmann's
1029 3083 1180 3159 Lehrb,

143 3191 180 3268 d.
205 3187 569 3266 nandwirthschatt
594 3193 625 3287 §.
651 3193 742 3266 lon·

236 3307 294 3381 Ea
334 3327 429 3381 vero
470 3299 625 3395 fonnae
665 3329 710 3392 ac
748 3303 898 3392 indolis¹
940 3301 1171 3399 differentia,
1287 3311 1290 3320 '

142 3443 244 3522 quae
282 3415 333 3494 ad
368 3430 510 3518 typum
547 3417 768 3522 quendam,
805 3419 1040 3530 euperientia
1063 3437 1170 3512 teste,

21 3559 25 3570 ·
141 3529 279 3608 reduci
305 3534 460 3632 nequit,
485 3555 558 3608 nec
583 3557 630 3608 ex
654 3533 731 3609 alio
756 3547 862 3636 typo,
889 3533 1029 3610 eadem
1059 3561 1172 3639 expe-

142 3647 281 3724 rientia
314 3659 427 3734 teste,
466 3655 597 3724 exorta
626 3645 763 3736 fuerit,
799 3649 972 3750 speciem
1001 3653 1172 3750 peculia-

142 3787 230 3839 rem
264 3761 474 3838 constituit
532 3763 792 3866 Subspeciem
823 3763 945 3852 dicas,
969 3779 1085 3866 »quae
1110 3791 1171 3842 ex-

145 3890 231 3952 orta
267 3873 424 3952 uidetur
457 3897 511 3952 ex
547 3875 625 3952 alio
662 3891 775 3979 typo,
810 3875 1001 3955 hactenus
1038 3892 1170 3974 tamen

148 4013 232 4066 non
255 3990 416 4068 reducta
441 4005 507 4066 est
555 3993 612 4067 Ex
628 3990 715 4067 ¹alio
733 4005 835 4094 typo
857 3991 1014 4070 videtur
1030 4007 1171 4082 exorta

148 4103 240 4204 quia
265 4104 370 4182 notis
396 4102 540 4212 differt,
557 4105 649 4183 alias
660 4105 988 4184 inconstantibus.
