2852 4872
569 359 638 433 rt
648 357 732 434 O'S.
760 401 762 408 ·
1092 354 1174 431 2⁴9-

143 555 204 632 uti
227 579 406 655 gemmae
432 581 515 633 non
541 553 661 632 fultae
686 579 708 632 e
734 553 894 632 caudice
920 554 1050 680 solent
1077 554 1168 652 (Ca-

143 671 222 746 rica
248 669 500 767 cauliilora).'
864 683 869 694 '
1166 687 1172 698 ’

202 784 513 872 Pedunculus‚
552 783 621 886 qui
647 808 691 860 ex
717 783 825 886 apice
849 781 1078 860 rhizomatis
1104 795 1173 858 aut

146 899 267 974 caulis
305 900 528 987 abbreviati,
567 912 679 975 aute
711 899 867 975 stolone
899 899 1171 974 tuberaseente

145 1015 239 1102 exit,
272 1041 408 1115 scopus
444 1027 621 1100 vocatur,
647 1013 819 1088 termino
847 1037 867 1087 a
892 1015 1068 1088 Linnaeo
1093 1011 1173 1113 pri-

145 1152 263 1204 mum
300 1129 443 1203 usitato
481 1127 574 1225 (Pb.
604 1128 685 1202 bot.
718 1127 837 1223 tot).
894 1123 1036 1201 Dill'ert
1061 1151 1081 1200 a
1106 1150 1174 1227 pe·

147 1240 327 1317 dunculo
353 1241 529 1329 radicali,
556 1240 668 1342 quod
694 1239 758 1315 hic
779 1264 824 1315 ex
842 1229 962 1314 axillis
980 1238 1173 1316 foliorum

145 1355 395 1442 rhizomatis,
427 1369 494 1431 aut
525 1355 645 1430 caulis
685 1354 896 1430 abbreviati
936 1367 1052 1429 exeat
1100 1356 1176 1436 Ra·

145 1493 261 1544 mum
296 1467 520 1545 llorifernrn
554 1490 575 1544 e
607 1468 718 1544 cattle
757 1471 1012 1544 subterraneo
1033 1492 1177 1544 emer·

29 1617 31 1624 ·
147 1586 307 1682 gentem
341 1584 503 1685 Turpio.
527 1607 691 1684 scapum
727 1597 855 1670 vocat,
894 1604 913 1658 a
947 1570 1177 1682 peduneulo

148 1697 309 1772 radicali
342 1721 428 1771 non
446 1697 707 1794 ¹distinguens
745 1699 847 1794 (Ess.
867 1696 1003 1772 ·d’une
1038 1695 1179 1772 icono-

151 1811 347 1954 snrhlr·
374 1812 464 1907 ⁷⁶·l·
772 1825 776 1832 ·

184 1923 469 2009 Peduncull
504 1949 595 2028 pars
626 1925 730 1999 inter
753 1923 880 2002 flores
904 1924 1032 2026 posita
1059 1925 1180 2000 rachis

155 2051 228 2124 est,
259 2037 476 2140 pedunculi
510 2062 600 2140 pars
632 2039 811 2116 bracteae
843 2059 914 2115 sou
939 2039 1133 2141 spathae
1121 2062 1181 2114 rn-

155 2152 261 2228 e'lus'a
285 2156 426 2252 spodon
449 2166 622 2229 vocatur
770 2167 774 2174 '

179 2265 474 2343 Pedunculi
507 2291 622 2368 saepe
655 2269 762 2368 pube
793 2267 1070 2372 glandulisque
1092 2267 1183 2376 teeti

156 2314 266 2469 sunt,
293 2405 386 2456 cunr
411 2381 588 2482 reliquus
615 2383 736 2458 caulis
761 2383 895 2482 glaber
918 2384 976 2459 sit

157 2522 178 2540 ··
203 2543 208 2554 «
255 2501 501 2572 structuram
525 2498 626 2572 rami
653 2497 814 2582 habent3
840 2497 911 2575 ubi
929 2519 1023 2572 vero
1043 2495 1091 2572 ad
1110 2495 1184 2572 llo-

156 2625 244 2688 rttm
269 2601 525 2692 acceduntet
547 2601 841 2714 receptaculum
867 2610 1051 2699 sonnant
1068 2610 1187 2686 *fascis

159 2724 238 2800 culi
251 2723 408 2820 -lignosi
434 2741 666 2825 separantur
691 2713 1009 2827 etparenchyma
1026 2726 1187 2801 lacuno-

159 2861 252 2916 sum
278 2836 333 2912 fit.
358 2837 588 2914 lnterdum
622 2840 811 2922 articulati
849 2839 1107 2915 observantur
1143 2839 1189 2914 li-

159 2977 234 3030 nea
268 2945 336 3028 aut
359 2943 472 3026 nodo
497 2941 688 3050 insigniti,
715 2941 944 3054 cellulisque
969 2954 1012 3029 in
1046 2954 1190 3030 cortice

160 3059 411 3144 transversim
431 3057 735 3143 excurrentibus.
768 3068 848 3143 Sed
865 3067 949 3143 non
962 3079 1122 3170 semper
1132 3065 1189 3146 ‘ad

140 3177 373 3258 articulum
397 3201 526 3280 usque
552 3180 743 3258 decidunt
767 3195 835 3258 aut
858 3197 1113 3260 marcescunt.
1132 3189 1151 3289 f
1178 3213 1182 3232 ·

159 3345 163 3354 ·
259 3294 396 3372 Varias
425 3295 666 3372 mutationes
703 3297 879 3376 subeunt
910 3309 947 3372 et
978 3305 1192 3373 metamor·

162 3410 320 3515 phoses.
375 3411 476 3485 Ante
507 3403 985 3500 florescentiamnutant,
1018 3411 1092 3487 sub
1117 3411 1193 3488 tlo-

163 3518 359 3602 rescentia'
385 3524 592 3622 eriguntur
625 3523 831 3626 (Tulipa),
856 3539 933 3600 ant
967 3525 1194 3632 vicefversn,

163 3653 306 3716 nutant
341 3640 421 3714 sub
453 3639 702 3716 florescentia
740 3654 790 3715 et·
813 3629 906 3741 post
943 3642 1086 3742 ipsam,
1124 3635 1194 3741 qui

167 3767 278 3830 antea
301 3753 418 3830 erecti
439 3769 549 3830 erant
568 3755 739 3852 (Silanae
753 3755 920 3856 plures).
964 3755 1100 3831 Floret
1121 3777 1195 3828 nu·

166 3881 293 3944 tontes
317 3867 490 3967 gaudere
515 3869 661 3970 pistillo
687 3856 922 3947 staminibus
939 3868 1131 3966 longiore,
1147 3877 1195 3942 ut

169 3979 284 4057 cadat
311 3983 448 4084 pollen
468 3983 525 4056 ¹in
563 3981 722 4079 stigma·
746 3980 944 4058 Linnaeus
974 3995 1112 4057 auctor
1140 3995 1199 4058 est

172 4096 289 4196 (Phil.
300 4097 382 4174 bot.
391 4095 537 4196 §.mut
551 4095 664 4198 quod
676 4121 772 4174 vero
784 4097 951 4172 minime
964 4119 1121 4198 semper
1131 4093 1186 4172 fit
