2840 4878
548 341 738 432 rutra.
951 316 953 328 ’
1031 357 1153 432 ἰ(Γ

116 555 292 630 -Folium
321 555 504 656 perlatam
535 553 653 632 habet
681 549 876 654 petiolum
907 547 1069 628 duobus
1093 577 1152 628 ra-

125 668 304 754 mastn's,
342 667 487 768 quibus
523 667 565 742 in
598 666 801 768 superiore
831 663 952 740 latere
982 664 1155 741 insident

125 777 280 856 foliola.
341 784 411 856 Est
440 777 586 855 folium
624 779 848 877 digitatum,
879 779 1076 852 ramastris
1100 778 1153 854 la·

125 893 321 970 teralibus
345 893 602 994 summopere
627 892 759 971 auctis

194 1035 197 1042 ·
228 1005 390 1084 Folium
417 1008 621 1108 pinnatum
657 1019 811 1082 constat
851 1029 872 1082 e
904 1003 1053 1107 petinlo
1087 1021 1155 1082 aut

114 1135 325 1198 ramastro
367 1120 430 1196 cui
466 1120 654 1218 utrinque
690 1117 827 1195 foliola
868 1117 1015 1194 adnexa
1050 1133 1154 1194 sunt.

115 1235 203 1308 Est
236 1233 530 1335 paripinnatum
571 1233 720 1334 absque
760 1231 902 1309 sotioto
943 1231 1153 1319 terminali,

125 1345 275 1446 impari
307 1347 535 1447 pinnatum,
565 1346 813 1448 opposite-p.
844 1345 1061 1446 alteme-p.
1087 1369 1154 1422 an·

125 1456 366 1560 titulato-p.
392 1459 520 1558 (male
545 1459 766 1557 articulate)
798 1459 1153 1560 discursive-psae-

126 1572 305 1673 quali-p.
329 1572 478 1649 foliolis
504 1571 743 1674 aequalibus,
768 1572 1068 1674 increscenti-p.
1087 1569 1153 1654 de-

125 1685 383 1787 crescenti-p.
421 1686 703 1786 interrupte-p.v
746 1683 896 1761 foliolis
934 1684 1151 1762 alternatim

124 1797 355 1873 minoribus
379 1813 447 1875 aut
469 1793 574 1873 binis
599 1798 824 1875 minoribus
846 1799 963 1876 tertio
990 1798 1152 1896 majore.

119 1909 291 1986 Folium
322 1910 572 2010 bipinnatnm
604 1909 702 1986 fite
738 1908 837 1986 soliti
874 1913 1058 2013 pinnato,
1092 1938 1151 1987 ra-

124 2023 284 2098 mastris
307 2021 453 2100 iterum
490 2023 676 2123 pinnatis,
712 2023 768 2100 sic
799 2024 1058 2127 bipinnatnm
1082 2038 1150 2100 etc.

127 2139 233 2212 Sunt
274 2159 438 2238 quoque
477 2135 573 2212 folia
617 2134 845 2234 conjugato,
887 2151 1040 2214 tentato
1083 2144 1150 2216 ete.

124 2249 297 2350 pinnata.
346 2247 552 2346 Irregulari
583 2247 778 2327 divisione
802 2251 875 2327 erit
898 2249 964 2326 sol.
991 2249 1151 2326 decom-

125 2362 319 2462 positum,
350 2360 801 2463 supradecompositumt
849 2362 959 2440 Folia
985 2384 1149 2468 compen

117 2477 200 2554 sita
224 2476 392 2554 maxima
418 2499 501 2552 esse
526 2475 665 2554 solent.
790 2533 795 2548 .

128 2725 254 2815 108.
293 2640 551 2814 Fbliorum
579 2729 740 2845 figura
782 2731 924 2844 vulgat
925 2755 955 2814 a
985 2642 1103 2838 stt
1091 2747 1148 2816 ex
1255 2735 1261 2763 ‘

190 2863 406 2954 arcubus
452 2861 666 2954 duobus
685 2855 943 2983 ellipticis'
929 2843 1148 3000 ciiqitia

119 3094 123 3099 ,
187 3002 288 3092 sibi
315 2975 564 3119 appositis
647 3089 651 3103 ,

125 3189 128 3194 “
221 3173 269 3246 ln
293 3169 426 3267 figura
457 3185 547 3247 vere
573 3169 739 3272 elliptica
766 3196 861 3289 aper
886 3183 924 3246 et
947 3104 1072 3245 basis
1082 3157 1147 3246 (οἱ

124 3282 279 3361 tundati
305 3299 406 3373 sunt
432 3283 580 3388 quod
568 3308 611 3359 m
635 3281 776 3360 foliis
766 3306 857 3358 raro
881 3282 1055 3358 accidit
1066 3285 1146 3360 Vn-

126 3412 274 3474 camus
285 3419 378 3474 vero
404 3399 445 3474 in
470 3421 613 3498 genere
636 3395 731 3476 folia
749 3395 929 3498 elliptica·
940 3421 973 3472 e
969 3395 1145 3510 duobus

125 3511 294 3586 arcubus
326 3511 504 3613 ellipticis
533 3498 720 3588 sonnatii.-
768 3511 915 3586 Rarius
940 3497 1146 3588 invinius

123 3639 189 3699 tur
212 3623 307 3700 folia
335 3626 568 3702 orbicularis
595 3638 633 3701 et
656 3622 914 3700 subrotunda

223 3737 263 3815 si
293 3736 487 3818 diameter
518 3736 857 3839 longitudinaiis
845 3759 889 3811 an
912 3732 1144 3832 hujusmodi

123 3847 224 3926 folio
271 3850 508 3953 diametrum
552 3841 845 3956 transversaler'n
893 3872 993 3926 non
1019 3845 1143 3948 duplo
1182 3847 1189 3864 '

117 3955 297 4064 superat,
327 3961 472 4040 solium
505 3967 610 4041 orale
637 3973 816 4047 vocatur*⁹
846 3957 877 4036 si
908 3957 1009 4061 plus
1023 3981 1143 4058 quam

125 4076 270 4180 duplo,
316 4075 340 4152 f.
378 4075 615 4180 oblongam
646 4075 680 4150 si
715 4073 811 4178 plns
858 4088 982 4176 quam
1009 4069 1143 4171 ’,((ἰρΙο
