2858 4886
257 381 329 456 138·
656 377 881 454 cautla·

315 549 478 698 prope
495 577 859 699 'ipsum-posita.
892 576 1106 668 ¹Remus
1129 605 1278 697 saepe

315 746 485 810 ramos
519 717 699 808 emittit
723 733 781 810 ¹et
812 717 883 809 sic
914 715 1085 838 porro.
1123 823 1126 828 ‚

352 975 484 1053 Cauiis
524 975 840 1078 simplicissimus,
884 971 952 1078 qui
994 973 1127 1050 nullos
1162 974 1279 1076 plane

253 1115 386 1190 ramos
411 1085 571 1190 profert
620 1093 708 1166 Huc
732 1087 868 1165 referri
895 1102 1057 1190 possent
1076 1092 1278 1186 Cynomo-

252 1205 369 1292 rium,
395 1203 570 1303 aliaeque
593 1204 748 1306 plantae
772 1201 1076 1304 balanophorae.
1123 1203 1164 1282 C.
1187 1204 1277 1282 sim·

198 1403 201 1407 ,
249 1321 340 1422 pler
369 1317 439 1420 qui
468 1342 602 1394 ramos
632 1341 718 1392 non
737 1313 894 1420 'profert
918 1316 1145 1417 explicatos,
1169 1313 1278 1393 soliis

253 1433 464 1510 instructos
489 1455 520 1506 e.
538 1454 571 1529 g.
611 1429 919 1528 Mammillariae,
936 1428 1150 1516 Melocacti‚
1167 1429 1278 1530 plan-

253 1559 315 1622 tae
340 1546 394 1620 sic
420 1544 545 1621 dictae
571 1545 722 1620 acaules
748 1543 800 1620 ob
819 1541 971 1617 caulem
988 1542 1277 1620 brevissimum.

255 1661 296 1736 C.
326 1688 523 1736 excurrens
555 1656 666 1755 cujus
699 1673 862 1734 truncus
895 1655 945 1731 ad
971 1655 1123 1756 apicem
1147 1683 1277 1760 usque

255 1772 475 1851 extenditur
508 1771 691 1869 (Pinus),
722 1773 989 1876 deliquescens,
1029 1769 1099 1871 qui
1137 1771 1178 1845 in
1215 1799 1277 1849 ra-

164 1883 168 1896 '
252 1913 342 1964 mos
360 1886 589 1988 deliquescit
606 1885 837 1984 (Quercus);
863 1875 1157 1972 multr‘rnmosus,
1171 1888 1276 1963 mul-

251 2015 315 2077 tos
346 2023 479 2076 ramos
512 1997 734 2101 proferens,
763 2000 1053 2100 panciromosus
1084 2023 1111 2073 s.
1142 1999 1277 2079 subra-

253 2117 382 2194 r'rrosus
408 2138 573 2216 paucos3
599 2116 792 2200 ramosior,
819 2113 1107 2198 ramosissimus,
1125 2115 1276 2192 multos

251 2255 385 2306 ramos
409 2227 613 2329 proferens
640 2251 789 2328 eosque
812 2225 924 2301 valde
949 2249 1139 2302 ramosos.

348 2359 463 2434 Rami
513 2382 557 2432 ex
610 2357 717 2458 apice
769 2355 1047 2431 innovationes
1099 2360 1273 2438 termino

251 2471 416 2574 proprio
441 2485 646 2557 vocantur,
673 2483 713 2545 et
736 2468 856 2545 caulis
881 2467 1044 2571 simplex
1070 2487 1176 2560 esset
1202 2475 1272 2576 qui

250 2599 406 2662 tantum
432 2609 477 2658 ex
502 2584 609 2684 apice
632 2607 791 2659 ramum
815 2581 1017 2684 proferret,
1037 2586 1190 2688 prolfir
1206 2600 1273 2676 est,

253 2700 324 2800 qui
348 2699 480 2800 plures
505 2696 626 2786 simul
650 2695 801 2799 profert
825 2696 1001 2795 (Pinus).

263 2843 288 2856 '⁴
348 2827 540 2907 Caediculi
575 2826 625 2904 ad
654 2827 768 2902 basin
800 2826 919 2902 caulis
954 2851 974 2903 e
1005 2851 1160 2926 gemma
1187 2832 1273 2907 abs·

252 2968 330 3047 que
354 2941 455 3020 folio
480 2940 667 3018 fulciente
686 2941 886 3018 oriuntur.

348 3073 481 3150 Caulis
510 3073 554 3148 in
587 3073 670 3149 basi
703 3094 818 3171 saepe
852 3071 1048 3159 excrescit,
1080 3093 1274 3172 gemmas·

252 3211 330 3286 que
362 3183 513 3286 profert
544 3185 692 3288 absque
723 3182 822 3261 solio
854 3183 1042 3264 fitlciente
1072 3184 1114 3260 in
1139 3211 1272 3262 ramos

251 3299 390 3374 necin
416 3297 629 3374 cauliculos
655 3297 908 3401 explicandas.
956 3298 1007 3374 Hi
1031 3299 1131 3376 rami
1160 3299 1271 3377 sodo-

251 3415 302 3488 Ies
333 3408 517 3498 vocandi,
555 3436 647 3488 cum
684 3413 864 3490 indolem
900 3411 1071 3488 habeant
1107 3413 1154 3488 ab
1187 3413 1271 3490 aliis

250 3525 370 3605 ramis
403 3522 616 3614 diversam,
646 3525 765 3604 flores
797 3525 922 3603 rarius
956 3525 1129 3628 aliasque
1153 3528 1272 3608 sobo-

250 3639 307 3716 les
331 3637 483 3714 facilius
511 3639 721 3741 proferant.
777 3646 871 3717 Pars
905 3640 1042 3729 cardis,
1077 3666 1179 3744 quae
1208 3667 1272 3718 so-

250 3753 385 3829 bolem
412 3753 586 3830 emittere
609 3769 755 3856 potest,
786 3755 934 3833 caudex
955 3755 1194 3832 intermedius
1212 3755 1272 3833 di·

252 3881 375 3953 catur,
409 3882 476 3944 aut
506 3872 654 3946 cumlex
683 3873 804 3948 stricte
839 3869 894 3946 sic
924 3870 1061 3954 dr'ctw,
1101 3865 1272 3944 nam'ad

250 3996 431 4058 naturam
479 3981 620 4059 radicis
675 3982 830 4063 accedit
905 3982 1125 4060 Arboribus
1179 4005 1271 4084 pro·

249 4095 359 4197 prius
385 4109 449 4171 est
