2840 4870
249 377 323 458 us
534 329 992 452 rnrrounr'nrn

254 576 354 656 ultra
380 575 552 674 calycem
576 573 690 652 valde
714 574 1053 675 prominentibus.
1085 576 1279 676 (Stapelia

254 717 284 768 e.
317 713 351 789 g.
382 690 586 792 aliisque),
628 713 743 790 saepe
773 689 816 763 in
848 689 896 764 iis
927 688 1026 765 locis
1058 688 1129 764 ubi
1161 689 1277 764 viridi

252 805 388 882 colore
410 805 587 880 imbutae
610 818 720 888 sunu
753 802 834 878 vidi
858 803 900 878 in
924 802 1061 904 petalis
1084 804 1279 894 Paeoniae
1329 862 1338 880 .

252 920 489 1001 monstrosis
527 932 566 994 et
581 927 584 934 '
600 917 793 994 viridibus
831 941 924 992 cum
955 917 997 991 in
1031 917 1215 993 coloratis
1242 915 1281 992 et

253 1058 337 1110 non
374 1033 534 1108 mutatis
570 1032 737 1106 minime
774 1030 964 1107 adessent.
1035 1033 1281 1133 Plerumque

252 1173 349 1224 vero
391 1147 433 1223 in
472 1145 663 1222 exteriore
700 1144 845 1228 adsum
879 1145 1036 1247 pagina,
1070 1145 1197 1221 rarius
1235 1145 1295 1220 in'

253 1275 421 1362 utraque
455 1260 694 1357 (occurrunt
728 1260 770 1333 in
801 1245 1023 1335 'Dictamno
1056 1259 1164 1346 albo,
1196 1263 1280 1336 Me·

192 1417 199 1426 ·
253 1374 590 1452 sembrianthemo
615 1372 810 1461 bicolore,
841 1372 1049 1450 Passillora
1081 1371 1279 1450 serratifo·

253 1488 305 1565 lia
341 1487 445 1565 Rud.
475 1514 512 1587 p.
545 1488 646 1585 88),
682 1486 879 1563 rarissime
908 1487 951 1561 in
983 1487 1172 1564 interiore
1194 1502 1280 1562 tan·

252 1617 342 1680 lum
375 1602 586 1701 (Epilobio
620 1600 873 1700 angustifolio
898 1599 1001 1678 Rud.
1027 1627 1063 1700 p.
1088 1602 1182 1699 89.).
1230 1605 1279 1676 In

254 1715 408 1813 magnis
439 1715 671 1791 staminibus
701 1730 742 1791 et
774 1714 938 1816 quidem
969 1712 1180 1790 filamentis
1204 1737 1280 1790 nec

254 1853 339 1909 uon
362 1829 515 1929 pistillis
538 1828 618 1904 vidi
644 1832 693 1928 (e.
719 1852 752 1927 g.
777 1833 934 1915 Datum,
950 1829 1174 1914 Passillora;
1195 1832 1281 1906 Ru-

252 1942 396 2043 ¹delphi
435 1943 655 2019 observavit
689 1943 732 2018 in
758 1942 942 2018 antheris
972 1943 1060 2018 Lilii
1090 1942 1279 2019 bulbiferi

254 2059 316 2158 (p.
340 2056 433 2153 st).
482 2060 526 2131 ln
552 2057 729 2154 germine
760 2057 998 2158 plerumque
1027 2057 1281 2158 reperiuntur

256 2185 295 2246 et
325 2170 599 2246 oblitterantur
629 2171 672 2246 in
695 2168 828 2247 fructu
851 2169 1020 2247 maturo.
1075 2176 1190 2247 Testa
1211 2172 1278 2263 his

254 2297 374 2370 caret,
407 2297 446 2359 at
475 2283 743 2380 cotyledonis,
772 2297 914 2385 utpote
942 2283 1038 2362 solia
1074 2284 1276 2364 seminalia
1408 2309 1409 2326 ¹

253 2395 387 2476 sutura
410 2397 505 2497 ipsis
528 2398 739 2474 instructae
763 2412 864 2473 sunt
1233 2403 1236 2410 '

350 2509 472 2584 Primi
510 2511 790 2616 observatores
816 2535 955 2588 succos
996 2538 1197 2590 secernere
1237 2527 1277 2589 et

257 2645 461 2700 excernere
491 2637 694 2724 putarunt,
735 2638 773 2700 et
813 2625 863 2701 ad
899 2625 1103 2723 glandulas
1133 2626 1276 2703 retule-

255 2751 357 2814 runt.
393 2735 620 2835 Hedwigius
644 2740 935 2839 transpirationi
954 2765 1100 2840 organa
1117 2766 1199 2818 esse
1218 2740 1276 2816 di-

257 2865 336 2929 cata
362 2851 511 2951 putavit
535 2850 713 2949 (Samml.
740 2853 834 2929 sein.
860 2868 1057 2931 zerstreut
1082 2855 1274 2933 Abhandl.

255 2992 291 3066 p.
318 2967 439 3064 129.).,
466 2964 529 3041 cui
555 2967 738 3067 opinioni
764 2963 867 3044 favet
891 2969 1127 3046 Treviranus
1160 2971 1275 3068 (Ver-

254 3079 419 3154 mischte
453 3078 606 3156 Schrill.
641 3087 673 3158 1.
702 3109 740 3184 p.
770 3084 887 3180 171.).
927 3087 1029 3158 Non
1053 3086 1274 3184 negauerim

251 3187 378 3265 fluida
414 3191 558 3266 harum
600 3217 677 3294 ope
712 3197 880 3283 secerni,
918 3221 1019 3296 quae
1055 3223 1220 3300 vapores
1253 3222 1273 3272 e

252 3301 396 3404 plantis
440 3322 682 3403 emergentes
729 3324 911 3408 augeant,
950 3325 992 3386 at
1027 3313 1271 3414 transpiratio

251 3414 487 3491 insensibilis
516 3417 558 3492 in
589 3421 766 3521 partibus
797 3422 860 3509 fit,
902 3448 1004 3525 quae
1035 3428 1144 3526 poris
1170 3428 1273 3503 hisce

247 3541 400 3615 carent,
437 3551 469 3604 e.
500 3553 539 3628 g.
577 3532 788 3610 radicibus.
848 3539 1070 3617 Resorbere
1104 3541 1272 3617 Bonneti

245 3640 524 3740 experimentis
560 3645 604 3722 in
640 3645 747 3728 soliis
783 3647 981 3729 institutis.
1005 3655 1176 3754 permoti
1211 3654 1273 3730 alii

248 3769 437 3857 putarunt
461 3743 659 3855 (ltrockcr
684 3762 734 3839 de
760 3763 862 3866 epid.
886 3793 924 3868 p.
949 3771 1006 3844 58.
1034 3768 1175 3869 seqq.).
1225 3771 1275 3845 At

246 3867 328 3958 ¹vidi
361 3868 456 3948 folia
487 3873 714 3958 Browalliae
740 3876 882 3968 elatae.
903 3881 1106 3982 superiore
1131 3881 1273 3983 pagina

205 4057 217 4078 ¹,
245 4003 371 4083 eqarae
394 3983 589 4086 imposita,
613 4014 697 4067 non
721 3994 856 4072 minus
877 3993 953 4071 diu
977 3997 1115 4094 vigere,
1145 4019 1188 4070 ac
1213 3996 1274 4068 in-

34 4169 38 4176 .
126 4151 137 4162 .
227 4091 391 4227 seriore
427 4101 569 4200 pagina
595 4130 731 4210 aquae
765 4107 967 4212 imposita,
1005 4133 1099 4186 cum
1115 4199 1118 4205 ¹
1136 4123 1272 4186 tamen
