2836 4878
251 385 325 462 an
684 383 842 484 anos.

347 577 481 657 Planta
512 580 721 682 polygama
754 593 827 666 est,
861 571 963 680 quae
993 576 1115 654 flores
1138 565 1281 654 'herm-

252 689 491 794 aphroditos
532 694 719 771 masculis
768 709 806 771 et
853 692 1035 776 femineis
1063 693 1281 770 immixtos

251 807 411 908 profert.
466 811 511 884 In
543 809 742 909 plerisque
773 801 881 884 nulla
912 833 1002 882 vera
1028 821 1085 882 est
1110 806 1281 884 diclinia.

251 921 477 1020 Polygamia
503 921 631 998 dioica
656 921 711 1008 fit,
736 923 769 998 si
793 921 913 998 flores
937 921 1102 996 masculi
1129 938 1196 998 aut
1219 950 1282 1000 ra·

251 1036 334 1110 rius
357 1032 521 1110 feminei
545 1035 588 1110 in
611 1034 961 1137 hermaphroditos
987 1051 1222 1112 excrescunt

327 1148 484 1248 (Floras
514 1151 645 1226 nentri
677 1152 826 1252 absque
855 1149 1007 1250 pistillis
1042 1163 1080 1224 et
1104 1150 1281 1226 stamini-

252 1262 327 1338 hus
368 1263 411 1338 in
456 1263 656 1339 anthodiis
694 1277 731 1340 et
766 1263 1068 1342 inflorescentiis
1093 1263 1281 1368 [laterales

254 1401 336 1452 esse
361 1377 506 1462 solent3
531 1391 660 1478 partes
687 1378 794 1455 enim
819 1378 1096 1481 propagationi
1132 1377 1282 1454 dicatae

251 1491 438 1589 interiora
469 1505 610 1566 amant
664 1490 834 1590 Majores
865 1517 1032 1593 quoque
1057 1506 1149 1568 sunt
1174 1489 1282 1566 serti-

252 1606 373 1694 libus,
409 1605 520 1706 quasi
553 1605 719 1682 stamina
750 1619 790 1682 et
822 1607 964 1706 pistilla
998 1606 1181 1706 absorpta
1217 1603 1282 1681 fu-

254 1718 364 1794 erint.
420 1719 480 1796 Ab
511 1717 573 1794 his
605 1717 748 1794 diversi
782 1736 888 1807 sunt,
922 1720 1060 1823 quiin
1084 1719 1290 1825 Graminif

251 1833 327 1908 hus
352 1831 487 1909 minus
513 1832 688 1933 explicati
715 1835 863 1936 absque
896 1835 1131 1910 staminibus
1157 1833 1282 1934 pistil-

253 1946 381 2060 lisque
407 1961 653 2022 enascuntur.

349 2060 476 2138 Musei
517 2061 670 2162 pistillis
710 2061 851 2164 utique
893 2060 1076 2167 praediti·
1109 2075 1203 2136 sunt
1243 2075 1283 2136 et

252 2173 365 2276 plura
391 2173 466 2253 sibi
492 2175 668 2276 apposita
694 2199 778 2252 esse
802 2177 946 2264 solent,
963 2201 994 2266 ,e
1019 2177 1166 2276 quibus
1190 2175 1282 2250 uni-

254 2313 347 2364 cum
389 2286 645 2388 plerumque,
661 2277 664 2284 ’
680 2289 805 2364 rarius
842 2290 956 2392 plura
998 2287 1117 2364 simul
1164 2285 1282 2389 expli-

255 2416 408 2489 cantur,
461 2401 623 2504 reliquis
672 2400 836 2480 effoetis.
914 2408 1019 2482 Haec
1067 2402 1282 2506 parastylos

255 2516 371 2592 dicas.

348 2633 396 2706 In
421 2628 608 2708 Filicibus
632 2655 684 2706 ne
707 2632 916 2732 vestigium
932 2630 1173 2734 pistillorum
1191 2629 1282 2730 qui·

255 2743 348 2822 dem
395 2745 680 2822 inveniendum
730 2759 803 2836 est,
852 2745 1038 2850 papillam
1090 2743 1197 2820 enim
1237 2743 1283 2817 in

253 2859 449 2960 Equisetis
481 2885 502 2938 a
534 2858 741 2958 Hed‘wigio
780 2859 995 2936 indicatam
1035 2870 1282 2934 constantem

256 2997 338 3050 esse
363 2999 448 3051 non
472 2961 701 3077 putaverim.
751 2979 860 3052 Hanc
887 2975 940 3052 ob
967 2997 1125 3048 causam
1151 2985 1189 3048 et
1205 2982 1281 3046 sta-

253 3087 362 3163 mina
395 3090 437 3165 in
470 3089 578 3164 hisee
609 3088 752 3190 plantis
782 3089 882 3164 mihi
916 3101 1093 3189 suspecta
1126 3097 1283 3162 suntet

177 3242 181 3256 r
255 3200 435 3302 capsulae
459 3202 628 3301 majores
652 3202 831 3278 trivalves
852 3203 897 3296 in
920 3198 1187 3302 Lycopodinis
1214 3223 1283 3274 an·

255 3311 384 3388 theras
417 3315 583 3414 quidem
606 3331 705 3417 puto
733 3329 771 3390 at
796 3315 937 3392 abortu
961 3339 1074 3390 verae
1099 3313 1281 3416 capsulae

254 3425 483 3527 productas,
509 3455 583 3508 nec
606 3428 878 3507 fecundationi
905 3426 1126 3504 destinatas.

351 3542 619 3644 Cryptophyta
663 3541 783 3624 nulla,
818 3542 967 3616 habent
1006 3542 1168 3643 pistilla‚
1209 3565 1284 3616 nec

254 3656 404 3736 horum
428 3656 671 3744 rudimenta,
694 3654 933 3756 vestigiaque
960 3657 1270 3759 conspiciuntur.

258 3819 359 3911 179.
420 3813 793 3937 Ammoi-phora
814 3813 1116 3934 pistillorum
1163 3851 1283 3908 mon-

316 3979 467 4050 strosa
496 3954 902 4078 frequentissima
935 3974 1009 4050 est
1043 3972 1092 4050 et
1127 3956 1283 4050 flores

317 4100 496 4226 plenos
530 4127 589 4192 ae
620 4095 905 4220 proliseros'.
922 4097 1168 4220 producit
