2852 4872
247 393 322 470 asa
675 386 838 466 scos.

250 594 291 668 e't
312 583 557 666 florescentia
582 583 833 687 progreditur
856 599 937 661 tam
950 594 1129 673 sursum,
1148 584 1270 686 quam

252 703 458 784 deorsum3
490 709 586 775 tunc
616 699 798 798 superior
821 723 911 798 pars
936 696 1152 799 capitulum
1182 701 1272 776 uni·

250 841 345 896 eum
375 811 555 912 ejusdem
585 808 928 908 gemmifica'tionis
959 811 1177 900 constituit,
1210 813 1270 890 in·

249 931 373 1008 ferior
394 926 507 1004 varia.
558 927 681 1025 Saepe
705 925 747 999 in
772 919 854 1000 basi
875 924 979 1001 etin
997 924 1132 1002 medio
1151 926 1271 1003 simul

248 1043 393 1124 florem
436 1037 574 1139 incipit
610 1039 777 1136 (Rrown
813 1037 924 1114 Linn.
962 1038 986 1112 l.
1011 1049 1053 1114 'c.
1090 1065 1127 1140 p.
1170 1041 1270 1137 97.);

248 1171 344 1236 tunc
374 1177 395 1230 e
429 1152 590 1228 duobus
620 1152 799 1254 capitulis
834 1143 957 1228 ueluti
1001 1153 1270 1253 compositum

249 1284 322 1359 est,
355 1291 449 1344 nam
480 1279 637 1366 tempus
669 1265 939 1342 florescentiae
965 1266 1069 1344 ‘rami
1094 1267 1269 1366 primarii

250 1399 289 1462 et
310 1380 533 1459 secundarii
558 1404 673 1482 saepe
696 1388 839 1482 parum
866 1378 999 1456 dillert
1022 1377 1167 1484 (148)

346 1494 463 1591 Calyx
494 1494 660 1570 exterior
688 1495 731 1568 in
764 1493 958 1570 scabiosis
988 1491 1129 1592 utique
1157 1491 1267 1570 invo-

248 1611 405 1688 lucrum
438 1620 503 1694 est,
534 1631 558 1704 e
582 1606 747 1682 bracteis
773 1606 950 1680 connatis
975 1618 1119 1691 ortum,
1145 1629 1267 1704 ager·

247 1723 356 1798 mine
381 1744 495 1821 saepe
519 1721 571 1794 ita
597 1719 826 1806 discretum,
850 1731 897 1794 ut
920 1717 998 1794 hoc
1022 1718 1180 1796 minuto
1200 1746 1266 1821 pe·

248 1831 391 1911 dioello
444 1833 690 1910 sustineatur.
760 1833 875 1908 Extra
923 1826 1125 1907 involucra
1171 1833 1267 1911 aliae

248 1961 413 2050 ¹quoque
441 1945 618 2025 bracteae
647 1944 806 2032 adsunt,
834 1943 1199 2046 paleue'dicendae,
1223 1947 1266 2024 in
1357 2015 1360 2040 ‚

243 2057 489 2166 'quibusdam
518 2060 722 2160 speciebus
759 2058 862 2160 pilos
893 2055 1113 2135 reserentes.
1171 2064 1265 2138 Ger-

247 2199 342 2250 men
382 2171 457 2248 levi
499 2171 635 2268 calycis
673 2171 909 2248 indumento
947 2196 1018 2248 seu
1049 2172 1264 2274 hypanthio

247 2287 431 2364 restitum
456 2298 521 2360 est
624 2277 627 2284 ’
1054 2278 1056 2286 ’

249 2534 348 2623 156.
411 2529 613 2650 Species
676 2530 906 2622 anthedii
959 2546 1009 2622 et
1059 2532 1263 2653 quidem

245 2669 422 2814 veri
439 2683 554 2760 sunt
571 2673 770 2761 umbellul
706 2669 1263 2776 lloUmbelliferarum,

303 2815 446 2929 spicul
443 2845 473 2900 a
427 2807 801 2911 lGraminum
817 2813 1097 2905 culothidzum
1118 2809 1262 2904 Corn·

268 2949 603 3069 positarum,
661 2969 879 3042 amentum
940 2949 1261 3048 Amentacea·

304 3101 430 3189 runi
461 3089 619 3176 strobi]
616 3119 667 3176 us
600 3085 1051 3178 lConil'erarum
1084 3103 1134 3180 et
1157 3095 1261 3256 byp-

244 3225 558 3316 anthedium
584 3224 883 3316 Ficinarum'.

256 3437 260 3477 ³
343 3426 556 3504 Umbellula
579 3370 935 3505 Unlbelliferarum
950 3449 1034 3504 non
1054 3426 1186 3518 solum
1207 3431 1259 3506 ob

225 3539 445 3631 ,radiorum
492 3538 827 3639 (pedicellorum)
873 3540 993 3616 situm
1040 3539 1260 3639 regularem

236 3649 381 3730 'florem
406 3649 573 3738 simulat,
598 3652 668 3728 sed
694 3671 857 3756 quoque
882 3651 1110 3728 obllorum
1134 3648 1259 3732 radia·

238 3767 375 3844 'torum
390 3765 581 3841 habitum.
629 3765 850 3843 Exteriores
868 3767 975 3842 enim
992 3765 1112 3844 flores
1129 3767 1257 3846 multo

238 3879 361 3978 magis
391 3877 529 3971 radiati
561 3893 666 3967 sunt,
698 3897 822 3982 quam
851 3879 1077 3965 interiores·
1106 3881 1174 3980 qui
1208 3879 1257 3958 ad

236 3991 457 4089 regularem
481 3991 672 4073 accedunt
696 4008 945 4082 structuram,
978 3993 1090 4095 quod
1114 3993 1157 4070 in
1182 3997 1256 4090 He-

236 4103 371 4180 raclois
418 4103 589 4208 aliisque·
626 4101 729 4186 bene
775 4109 1024 4210 conspicitur,
1087 4108 1257 4182 Bracteis
