2852 4872
211 369 294 455 rer
401 371 403 379 ’
641 355 798 452 rt'os.

186 607 191 618 ·
306 565 484 654 Ne'ctaria
526 573 678 650 roc'avit
719 563 932 656 Linnaeus,
973 569 1043 646 sed
1083 555 1239 647 multas

210 689 474 792 alias'pprtes
505 688 758 789 partiumque
792 683 1025 786 appendices
1059 700 1097 761 et
1138 709 1227 761 ana·

103 871 106 882 .
207 806 444 906 morphoses
480 800 560 877 hue
597 800 730 874 retulit
753 813 880 874 eante
921 797 1226 896 distinguendas.

207 923 358 997 Veram
376 915 534 992 nectarii
560 913 768 988 notionem
794 912 903 1022 dedit
929 913 1089 992 'Goethe
1121 916 1236 1013 (Zur-

206 1030 494 1132 Morphologie.
519 1027 693 1128 p.125..·)
788 1063 791 1075 ·
867 1043 870 1051 '

189 1149 192 1160 '
301 1142 442 1221 Petalis
467 1141 607 1216 similia
633 1154 733 1227 sunt,
757 1141 809 1216 ita
834 1156 880 1217 ut
905 1140 1087 1217 dubitare
1103 1142 1224 1230 liceat,

206 1277 265 1336 an·
289 1257 338 1333 ad
373 1254 572 1332 corollam
593 1251 798 1330 referenda
830 1256 920 1342 sint,
951 1279 1026 1356 nec
1049 1279 1110 1330 ne.
1160 1257 1224 1331 Sic

203 1375 258 1450 in
270 1371 484 1474 Delphinio
510 1392 594 1445 non
620 1369 702 1444 nisi
720 1369 773 1444 ob
800 1347 1021 1467 analogiam
1047 1395 1139 1444 cum
1159 1393 1230 1446 ve·

202 1487 256 1563 ris
279 1483 522 1588 parapetalis
562 1483 726 1560 aliarum
763 1483 986 1584 plantarum
1027 1483 1222 1560 adfinium

202 1601 419 1729 parapetala
447 1596 612 1672 dicenda
638 1611 738 1672 sunt.
886 1603 891 1618 ’

298 1714 538 1810 Plerumque
571 1710 620 1785 ad
653 1709 824 1786 sormam
852 1713 1084 1788 cucullatam
1116 1723 1221 1787 acce-

204 1829 320 1915 dunt,
363 1824 586 1923 cujusmodi
626 1826 881 1926 reperiuntur
919 1826 962 1900 in
1007 1822 1259 1904 nanuum-³·

201 1943 327 2018 laceis.
785 2003 790 2018 .

297 2055 400 2132 Alias
436 2052 586 2128 formas
618 2077 732 2152 saepe
769 2045 981 2151 singulares
1014 2066 1221 2128 assumunt

200 2172 244 2247 in
268 2169 502 2270 Apocyneis,
527 2167 579 2240 in·
594 2167 655 2240 bis
674 2175 843 2270 'quoque
868 2190 961 2244 cum
984 2167 1219 2243 staminibus

200 2285 243 2359 in
248 2281 536 2380 stylostegium
563 2294 737 2354 connata.

284 2393 587 2494 Anamorpbosi
620 2410 843 2471 monstrosa
876 2418 990 2495 saepe
1027 2393 1218 2496 multipli-

201 2495 350 2594 cantur,
381 2509 433 2582 ita
460 2521 510 2582 ut
539 2507 702 2581 interius
733 2509 834 2584 intra
867 2510 1031 2584 exterius
1064 2533 1218 2584 enasca-

199 2639 273 2700 tur.
300 2625 453 2717 Quam
480 2621 533 2696 ob
559 2643 714 2696 causam
741 2623 865 2722 petala
890 2624 1149 2724 Aquilegiae
1149 2639 1227 2698 etr-³

200 2738 294 2814 dem
317 2737 444 2812 modo
471 2715 584 2834 saepe
609 2734 753 2834 repleta
780 2735 829 2810 ad
855 2738 1071 2842 parapetala
1097 2735 1217 2812 reser-

198 2879 301 2938 rem‚
326 2853 384 2927 nti
408 2852 603 2926 Linnaeus
631 2847 679 2922 a'd
705 2851 872 2926 nectaria
888 2854 1029 2927 retulit.
1078 2845 1216 2929 Necta-

197 2967 304 3042 rium
328 2967 566 3068 Graminum
590 2963 728 3064 utique
752 2966 970 3067 parapetala
996 2967 1221 3042 sistit·

292 3059 494 3156 Alternant
523 3101 608 3152 non
638 3078 770 3154 solum
796 3103 887 3154 cum
914 3081 1084 3157 corollae
1108 3093 1216 3183 peta·
1326 3169 1329 3186 ι

195 3193 260 3282 lis,
302 3194 605 3294 s'egrnentisque,
645 3193 783 3267 intima
825 3193 959 3268 saltem
1002 3195 1117 3281 serie,
1143 3193 1215 3270 sed
1272 3201 1285 3216 ”

196 3313 360 3409 quoque
391 3329 483 3380 cum
516 3305 747 3381 staminibus
778 3308 918 3382 extima
943 3298 1080 3383 saltem
1104 3309 1222 3384 serie·

195 3423 296 3500 Hinc
332 3431 453 3520 patet,
489 3420 706 3518 parapetala
744 3420 1031 3496 non‘formare
1060 3437 1219 3522 partem·

194 3535 305 3614 floris
336 3532 538 3633 propriam
572 3546 608 3606 et
641 3532 878 3620 distinctam,
912 3557 1003 3609 nam
1031 3535 1121 3611 alias
1145 3561 1213 3638 pe·

195 3645 270 3726 lala
295 3645 543 3723 staminibus
549 3646 769 3723 secundum
795 3648 972 3745 regulam
988 3661 1124 3744 essent
1140 3669 1213 3753 op·-

194 3759 335 3861 posita,
384 3755 446 3836 ob
487 3758 685 3857 defectum
725 3764 1056 3863 parapetalorum,
1098 3765 1211 3870 quod

195 3898 278 3950 non
302 3875 355 3949 ita
381 3899 420 3953 se
444 3867 570 3955 babet.

289 3977 602 4066 Parastemon'es
619 4003 711 4065 sunt
741 3984 971 4093 parapetalis
997 3995 1178 4072 srmrles
1166 4019 1208 4073 111

195 4103 377 4191 Aconitis,
402 4105 558 4207 stipitati
583 4102 737 4193 scilicet,
762 4108 916 4185 sacculo
939 4109 1184 4188 nectarifero.
