2852 4872
438 347 905 430 INTEGUMENTA.
1111 349 1184 430 281

261 547 481 628 Glandulae
513 548 755 652 compositae
781 571 803 624 e
827 545 1010 650 pluribus
1036 545 1185 626 cellulis

13 645 14 662 ἶ
162 677 342 740 constant
391 664 612 762 aggregatis.
688 662 930 762 Plerumque
977 659 1186 762 impositae

160 791 254 852 sunt
278 777 398 882 stipiti
424 803 506 854 non
533 778 667 854 minus
688 801 709 852 e
726 775 906 878 pluribus
924 771 1074 852 cellulis
1092 800 1185 852 con-

160 905 282 978 texto,
321 917 393 968 nec
428 916 559 967 unum
589 906 745 968 tanturn
778 887 952 992 canalem
979 889 1185 968 exhibenti

159 1007 428 1106 Reperiuntur
452 1007 494 1080 in
517 1010 641 1092 Rosa,
665 1005 785 1082 Rubo
813 1003 986 1102 aliisque.
1036 1006 1083 1080 In
1107 1009 1185 1104 Hy·

158 1120 294 1220 petico
322 1119 439 1216 calyci
464 1119 715 1220 corollaeque
739 1117 948 1217 impositae
973 1132 1074 1205 sunt,
1099 1143 1185 1196 suc-

156 1256 253 1308 cnm
286 1257 370 1308 non
403 1230 649 1320 exsudantes,
680 1233 749 1308 sed
776 1232 818 1306 in
845 1229 994 1308 cellulis
1019 1255 1184 1310 succum

157 1345 435 1422 ruberrimum'
454 1345 710 1422 continentes.
770 1350 847 1421 Per
870 1343 1052 1422 medium
1077 1347 1184 1447 stipi·

156 1461 206 1536 tis
229 1462 272 1536 in
296 1460 416 1538 Rubo
444 1459 614 1537 odorato
640 1459 850 1536 fasciculus
868 1485 888 1536 e
908 1458 1056 1536 cellulis
1073 1458 1183 1537 elon·

156 1575 254 1672 gatis
279 1573 463 1652 decurrit.
544 1629 547 1637 ,
1156 1635 1162 1655 .

256 1688 463 1789 Simplices
492 1687 732 1789 plerumque
764 1685 937 1785 formam
974 1637 1182 1788 globosam

156 1801 320 1888 habent,
362 1815 430 1878 aut
469 1801 696 1898 oblongam.
759 1777 1015 1901 Compositae
1052 1799 1182 1878 {orme

158 1930 252 1991 sunt
280 1913 461 2012 globosa,
500 1916 689 2012 oblonga.
725 1927 873 2003 retusa,
905 1913 1182 2015 cupuliformi;

157 2021 281 2130 stipes
300 2042 368 2104 aut
391 2027 555 2129 simplex
580 2042 653 2115 est,
679 2042 747 2105 aut
769 2029 896 2104 rarius
920 2051 1111 2104 ramosus.

166 2159 168 2163 ’
254 2141 314 2219 Ad
341 2141 545 2240 glandulas
572 2167 723 2227 omnes.
741 2142 1012 2244 cujuscunque
1029 2139 1180 2217 sintina

157 2255 275 2343 dolis,
300 2281 389 2330 vasa
414 2256 522 2332 nulla
546 2269 759 2332 transeunt.
814 2243 816 2252 ¹

122 2385 123 2388 ’
253 2368 330 2446 cfr.
349 2369 540 2446 Guettnrd
557 2369 738 2446 Memoir.
756 2367 807 2445 de
822 2367 960 2446 l'Acad.
980 2366 1015 2444 d.
1033 2368 1180 2468 Selene.

155 2511 192 2587 p.
218 2486 322 2562 1745.
347 2511 384 2583 p.
408 2486 493 2560 263.
517 2506 590 2558 nec
616 2507 700 2558 non
728 2481 904 2560 Schrank
928 2506 1008 2558 von
1035 2481 1071 2564 d·
1103 2485 1180 2561 Ne·

154 2595 406 2695 berigefal'sen
433 2597 470 2672 d.
494 2598 693 2676 Pllanzen.
728 2597 813 2674 Hal.
840 2599 965 2683 1794„
991 2595 1179 2698 quivero

156 2711 206 2786 ad
256 2708 459 2814 glandulas
502 2712 647 2788 multas
691 2711 785 2790 alias
833 2723 962 2814 partes
1004 2707 1181 2790 referunt

155 2825 235 2902 huc
260 2847 345 2900 non
370 2824 610 2925 pertinentes

154 3095 256 3188 138.
321 3097 550 3190 Verrucae
581 3110 698 3185 sunt
720 3105 902 3214 partes
934 3087 1180 3243 globosae,

215 3247 301 3324 aut
342 3233 734 3382 subglobosae
743 3264 769 3324 e
815 3219 1002 3323 cellulis
1046 3205 1178 3322 com

213 3372 422 3492 positae
459 3369 669 3468 succum
714 3371 1024 3494 peculiarem
1069 3399 1178 3462 non

215 3513 526 3616 exsudantes,
573 3528 660 3606 aut
701 3515 964 3636 exquisitae
995 3522 1081 3602 aut
1104 3541 1178 3598 su·
1296 3601 1298 3608 ,

211 3658 469 3779 perficiales

248 3857 469 3936 Glandulae
499 3860 621 3958 vulgo
655 3795 866 3946 vocamen
894 3870 932 3933 et
956 3869 1048 3934 sunt
1065 3855 1177 3954 glans

152 3969 286 4061 dulae,
305 3973 419 4077 'quas
448 3985 631 4050 verrucas
661 3967 1111 4076 palaemone-quales
1134 3967 1177 4046 i'n

151 4087 349 4190 Hyperico
383 4109 500 4190 supra
534 4091 768 4168 notavimus
821 4083 930 4162 'Sunt
952 4107 1055 4161 vero.
1072 4081 1177 4170 alite,
