2836 4878
260 373 336 456 tto
690 369 853 450 etos,

265 570 436 652 sistentia
464 565 734 671 pericarpium
765 569 948 670 spurium
978 565 1183 644 Nelumbii
1209 591 1299 670 spe·

267 685 364 763 ciosi
388 683 566 761 formant
590 682 771 784 (Turpin
795 683 819 758 l.
845 683 909 780 c.).

317 891 321 900 p
364 795 638 900 Gynohasium
662 795 941 898 DeCandolle
966 794 1120 894 (Annal.
1146 779 1298 873 d.'Mu-

267 937 392 991 seum.
429 917 475 988 T.
511 913 569 986 17.
606 936 650 1016 p.¹
680 911 789 1009 398.)
825 910 978 986 vocavit
1013 909 1299 1011 gynophorum

266 1026 458 1134 pistillum
493 1023 689 1100 sustinens
721 1049 814 1101 cum
848 1023 1094 1124 germinibus
1120 1021 1299 1100 ambien-

266 1143 393 1242 tibus„
431 1136 621 1218 Fasciculi
646 1137 790 1237 lignosi
817 1165 839 1216 e
863 1137 1009 1241 pistillo
1037 1135 1087 1212 ad
1120 1135 1299 1233 genuina

266 1267 515 1334 transeuntes
538 1275 625 1354 per
660 1253 924 1350 gynobasium
956 1263 1169 1328 transeunt
1226 1252 1300 1326 Ac-

269 1384 402 1448 curatc
434 1367 485 1446 de
514 1365 588 1444 hac
617 1380 728 1468 parte
750 1367 928 1444 tractavit
950 1370 1048 1466 Aug.
1074 1369 1127 1442 St.
1152 1363 1301 1440 Hilaire

268 1482 472 1585 (Memoir.
505 1479 542 1558 d.
557 1485 768 1586 ‚Museum'
790 1487 835 1560 T.
861 1485 918 1558 10.
943 1508 981 1584 p.
1007 1480 1124 1576 132).
1161 1476 1300 1554 Labie·
1413 1487 1414 1496 ’

267 1611 347 1688 tae.
373 1595 615 1675 Ochnaceae.

366 1713 480 1788 Setae
512 1707 613 1784 circa
643 1730 806 1806 germen
838 1707 1178 1812 Cypcroidearum
1204 1705 1301 1807 qaia-

156 1825 158 1832 ’
268 1823 443 1902 tundam
478 1822 560 1898 huc
591 1846 756 1924 quoque
787 1825 994 1925 pertinent
1060 1825 1165 1899 Cum
1199 1835 1301 1896 stru·

270 1951 423 2016 cturam
447 1935 566 2039 pappi
582 1935 763 2026 habeant
788 1935 907 2036 hujus
924 1961 1075 2014 nomen
1095 1935 1300 2022 retineant,

270 2075 367 2128 nam
398 2075 553 2153 pappus
582 2073 668 2126 non
700 2067 853 2153 partem
887 2051 1060 2153 (quippe
1092 2052 1162 2154 qui
1194 2049 1302 2148 calyx

273 2166 319 2242 in
345 2163 590 2266 Compositis
615 2164 712 2262 est),
737 2165 807 2242 sed
831 2165 1005 2242 sormam
1030 2163 1186 2242 indicat.

369 2277 582 2380 Capsulam
615 2299 780 2379 quoque
813 2275 918 2354 dicas
950 2278 1201 2380 perigynium
1227 2277 1302 2353 Ca·

272 2391 362 2468 ricis
393 2389 560 2468 eandem
595 2391 649 2468 ob
680 2417 848 2467 causam.
904 2392 1079 2468 Nomine
1108 2390 1301 2493 perigynii

272 2502 352 2604 jam
383 2502 482 2580 olim
515 2503 684 2581 distinxi.
740 2504 923 2603 Calycem
961 2506 1167 2582 baccatum
1205 2503 1302 2580 Taxi
1417 2570 1418 2573 a

273 2617 355 2694 huc
378 2615 569 2693 referrem
598 2642 672 2695 nec
703 2615 754 2694 ad
783 2619 997 2696 involucra.
1059 2617 1139 2697 Sed
1175 2619 1303 2695 incer·
1417 2702 1418 2705 Ἴ

274 2747 338 2810 tus
363 2755 463 2807 sum.

372 2845 555 2947 Calyptra
599 2851 850 2935 Muscorum,
907 2873 1009 2951 quae
1054 2861 1303 2929 excrescente

275 2960 513 3062 gynophoro
559 2957 791 3038 dilaceratur
832 2975 870 3040 et
907 2963 1086 3064 capsulae
1113 2962 1302 3050 inhaeret,

274 3072 395 3172 hujus
440 3074 519 3150 loci
569 3088 635 3150 est.
704 3078 755 3152 let
798 3077 953 3175 vagina,
1001 3091 1141 3180 utpote
1170 3076 1303 3153 multo

277 3189 444 3264 crassior
466 3211 540 3264 nce
565 3213 787 3265 excrescens
811 3191 1006 3292 perigonii
1030 3192 1189 3268 vicibus
1211 3190 1304 3268 fun-

277 3300 392 3400 gitur.
441 3303 567 3400 (Nees
605 3316 644 3378 et
674 3304 933 3382 Ilornschuth
970 3305 1179 3406 Bryologia
1217 3329 1304 3404 ger·

277 3437 382 3490 man.
404 3439 443 3516 p.
467 3416 627 3512 XVIII.)

281 3663 382 3756 1¹78.
443 3661 607 3786 Deficit
638 3666 876 3786 pistillum
906 3668 961 3758 in
977 3671 1177 3790 floribus
1212 3682 1303 3760 sta·

341 3803 521 3897 mincis
579 3835 667 3897 seu
723 3814 927 3900 masculas
986 3823 1036 3901 et
1091 3807 1303 3900 floribus

341 3953 526 4056 arenaria
567 3945 914 4069 Cryptophyta
947 3963 997 4040 et
1026 3949 1205 4042 Filices
1238 3977 1302 4044 eo

239 4103 245 4110 ’
343 4100 528 4178 (tarent.
1008 4143 1013 4152 ·
