2852 4872
562 369 727 471 FLOS.
1084 382 1175 461 269·

159 647 161 652 »
236 586 441 686 Perigonii'
483 583 684 664 vocabulo
723 583 941 662 Ehrhartus
979 583 1160 683 pn'mum

138 723 237 776 usus
260 715 327 782 ¹est
357 700 576 801 aptissimo,
617 725 774 801 semper
805 693 1049 784 adhibendo,
1084 695 1158 772 uhi

140 811 329 913 distingui
360 815 514 916 nequit,
547 839 597 892 an
629 840 719 916 pars
751 812 953 916 proposita
977 807 1085 906 calyx
1109 807 1162 883 sit

138 951 187 1002 an
214 929 371 1005 corolla.

236 1045 399 1118 Constat
439 1065 461 1117 e
500 1041 681 1143 pluribus
720 1039 898 1142 pactibus
937 1038 980 1112 in
1016 1035 1161 1112 orbem

134 1154 294 1254 positis,
328 1169 366 1232 et
396 1153 540 1230 harum
571 1155 704 1255 plures
737 1156 854 1230 orbes
886 1153 961 1228 sibi
988 1152 1158 1253 appositi

136 1281 245 1355 sunt,
261 1273 439 1344 'nurnero
464 1266 584 1342 valde·
600 1267 849 1342 inconstanti.

233 1385 365 1458 Partes
388 1381 485 1455 istae
508 1379 551 1454 in
578 1382 718 1456 orbem
742 1381 894 1482 positae
919 1393 986 1457 aut
1013 1377 1160 1456 discre-

133 1507 199 1596 tae
233 1507 341 1582 sunt,
383 1507 450 1569 aut
479 1493 595 1594 plane
629 1508 696 1570 aut
731 1519 806 1596 pro
845 1496 1016 1571 maxima
1048 1506 1160 1594 parte
1193 1575 1196 1583 ¹

133 1631 269 1682 versus
316 1607 429 1682 basin
471 1620 685 1683 concretae.
757 1608 1023 1705 Distinguitur
1054 1605 1159 1680 'hinc

128 1729 168 1822 ρ’.
197 1723 459 1823 polyphyllum
490 1745 511 1796 a
539 1751 576 1822 p.
610 1722 863 1824 monophyllo.
918 1718 1158 1820 Monopltyl·

133 1835 221 1910 lum
247 1833 601 1935 bi-multt'partitum
624 1850 694 1910 aut
718 1834 1017 1935 lai-multafidum
1041 1847 1108 1908 est

117 1959 119 1964 '
230 1947 489 2044 Perigonium
521 1972 614 2022 cum
646 1947 880 2023 staminibus
911 1946 1031 2023 simul
1056 1944 1158 2044 ejus-

131 2057 248 2135 modi
305 2061 422 2136 orbes
471 2060 676 2137 constituit
722 2061 895 2162 partium
948 2059 1156 2148 adfinium,

133 2197 305 2272 quarum
342 2172 417 2248 alia
452 2172 496 2248 in
533 2173 649 2248 aliam
685 2199 769 2249 non
806 2173 939 2250 solum
970 2173 1157 2250 facillime
1192 2271 1194 2276 Ι

130 2299 323 2390 mutatur,
356 2285 426 2361 sed
457 2310 622 2387 quoque
645 2312 725 2362 una
752 2286 851 2364 alius
876 2286 1012 2363 locum
1039 2279 1157 2364 occu·

130 2413 207 2500 pat
233 2433 237 2440 ·
263 2399 327 2474 Sic
357 2399 401 2474 in
426 2398 595 2476 floribus
620 2400 748 2501 plenis
773 2401 937 2477 stamina
960 2403 1004 2476 in
1029 2402 1156 2505 petala

128 2526 336 2588 mutantur
366 2525 404 2588 et
433 2513 478 2586 in
503 2513 716 2590 Cruciferis
748 2515 832 2590 duo
858 2515 1023 2590 stamina
1048 2529 1155 2616 peta·

128 2625 265 2701 lorum
297 2624 434 2730 locum
468 2643 672 2730 occupant.
728 2629 928 2726 Perigonii
963 2641 1092 2729 partes
1116 2641 1156 2704 et

129 2741 295 2814 stamina
328 2751 420 2814 sunt
454 2739 574 2836 igitur
607 2757 735 2842 partes
775 2744 1016 2840 homologae,
1052 2744 1156 2818 sicut

127 2853 224 2928 solia
248 2854 463 2952 'et—spinae,
487 2855 655 2955 stipulae
681 2871 719 2931 et
743 2858 877 2956 spinae
903 2870 972 2932 etc.

155 3013 158 3018 ,
194 2964 425 3062 sengonii
457 2967 588 3066 phylla
615 2985 683 3046 aut
702 2983 904 3072 ¹segmenta
931 2968 1037 3044 soliis
1062 2993 1153 3046 ana·

125 3077 228 3188 loga
251 3092 356 3181 sunt,
390 3079 448 3154 uti
474 3080 587 3158 floris
610 3081 792 3159 definitio
818 3083 981 3172 indicat,
1006 3097 1046 3160 et
1068 3107 1153 3160 non

125 3215 217 3266 raro
254 3191 508 3291 perigonium
544 3195 587 3269 in
624 3195 720 3272 folia
750 3209 940 3285 mutatur,
972 3193 1152 3297 quamtis

124 3317 205 3379 nna
244 3304 400 3380 alterius
427 3305 574 3382 locum
614 3331 699 3385 non
735 3323 912 3411 occupet·
977 3315 1151 3385 Possunt

124 3416 254 3518 phylla
290 3432 327 3493 et
358 3436 557 3517 segmenta
591 3423 784 3524 pengonii
809 3421 867 3499 uti
885 3415 987 3498 'folia
1013 3424 1151 3498 abbio

124 3532 224 3606 viatu
262 3533 521 3624 considerari,
562 3539 668 3614 Rosa
705 3549 818 3624 teste,
857 3533 969 3633 cujus
1010 3536 1150 3634 calycis

124 3643 256 3745 phylla
293 3644 487 3723 soliorum
525 3649 593 3726 alis
632 3650 794 3748 analoga
832 3664 933 3726 sunt
993 3653 1074 3726 llac
1105 3671 1150 3722 re

71 3825 74 3834 a
123 3754 449 3866 tentamentis
473 3784 723 3859 gemmarum
751 3777 789 3840 et
812 3763 978 3840 bracteis
1007 3773 1150 3837 conve-

123 3872 250 3947 niunt
564 3889 568 3896 '
