2836 4878
513 398 797 528 renerus.
1092 401 1166 478 su

242 609 468 684 Numerum
491 593 737 707 primitivum
760 595 1005 678 valvularum
1024 601 1168 702 peridii

147 721 224 798 nisi
260 721 623 799 loculamentorum
664 715 871 821 pericarpii
913 739 936 792 e
975 711 1170 794 fasciculis

146 836 311 936 lignosis
343 835 429 936 styli
453 835 639 913 hariolari
664 831 821 936 poteris.
872 827 1172 931 simplicissima

146 965 281 1029 tamen
305 964 498 1027 structura
523 949 685 1026 bivalvis
710 961 776 1036 est,
800 969 922 1050 quam
946 945 1104 1021 obrem
1127 944 1171 1022 in

148 1064 450 1168 simplicissimis
481 1062 737 1140 Graminibus
752 1074 990 1138 structuram
1006 1059 1173 1162 primiti-

148 1205 246 1256 vum
270 1176 462 1255 bivalvem
486 1175 608 1254 fuisse
631 1189 749 1278 puto,
774 1199 849 1252 nec
873 1175 1150 1252 tn‘locularem.

244 1292 505 1370 Induratione
534 1304 663 1392 partes
690 1291 837 1368 mutari
869 1288 949 1389 jam
974 1313 1092 1393 supra
1116 1289 1174 1366 vi·

148 1405 292 1481 dimus.
340 1409 409 1483 Est
432 1405 633 1482 induratio
659 1406 844 1482 materiae
867 1405 1002 1482 mollis
1024 1404 1068 1480 in
1098 1403 1174 1480 cel-

147 1520 240 1596 lulis
272 1534 488 1598 contentae.
543 1520 689 1620 Diploe
719 1519 863 1622 peridii
904 1520 1007 1595 hanc
1045 1530 1174 1594 muta·

147 1634 301 1710 tionem
333 1633 559 1736 saepissime
591 1633 713 1721 subit,
743 1646 790 1709 ut
812 1633 855 1707 in
882 1632 1019 1734 drupis
1044 1644 1083 1707 et
1105 1655 1175 1732 py-

148 1748 271 1834 renis,
304 1747 375 1823 sed
406 1771 570 1848 quoque
595 1760 727 1823 cortex
753 1745 930 1835 exterior,
961 1760 1009 1821 ut
1032 1745 1074 1821 in
1099 1768 1174 1821 nu·

150 1862 279 1946 cibus;
311 1858 361 1936 de
386 1859 532 1936 cortice
556 1860 699 1936 intimo
725 1860 827 1936 mihi
843 1883 928 1935 non
945 1873 1090 1936 notum
1107 1873 1174 1936 est

152 1971 369 2075 superficie
405 1972 503 2049 laevi
539 1971 653 2048 facile
695 1970 999 2072 dignoscuntur,
1041 1973 1110 2076 qui
1152 1997 1174 2050 e

151 2088 297 2164 cortice
331 2086 476 2190 peridii
515 2087 721 2173 exteriore,
752 2087 847 2164 hinc
878 2087 1089 2191 pleraeque
1114 2113 1175 2164 ca-

146 2226 327 2303 ryopses,
360 2215 399 2277 et
423 2200 569 2277 akenae
595 2198 644 2276 ad
677 2199 823 2302 drupas
854 2203 1065 2304 pertinent,
1098 2203 1174 2278 nisi

150 2315 368 2417 hypanthio
404 2315 634 2417 persistente
666 2315 813 2391 cinctae
843 2314 1000 2393 fuerint
1060 2317 1175 2396 Initia

150 2429 417 2507 indurationis
442 2429 624 2505 videmus
649 2429 692 2504 in
716 2429 824 2532 pyris
848 2431 1047 2532 lapillosis.

249 2544 475 2621 Succulenti
499 2543 604 2622 fiunt
627 2542 778 2620 fructus
803 2570 897 2621 cunr
922 2544 1084 2624 cellulae
1113 2571 1176 2623 ex·

149 2657 381 2762 panduntur
411 2671 450 2733 et
479 2658 641 2734 materia
671 2658 797 2756 magis
827 2657 1011 2737 minusve
1039 2660 1175 2739 viridis

151 2768 375 2849 semilluida
406 2771 523 2873 plane
555 2771 679 2851 fluida
710 2771 765 2848 fit.
818 2774 989 2850 Parietes
1020 2775 1176 2852 cellula-

149 2913 243 2962 rum
267 2885 489 2962 tenuissimi
514 2900 622 2974 sunt,
647 2887 700 2962 ita
724 2899 770 2962 ut
795 2909 908 2985 aegre
933 2889 1176 2990 conspician-

151 3017 234 3090 tur,
265 2998 334 3077 sed
361 2997 523 3076 cellulae
547 3023 633 3074 non
659 3016 910 3090 evanescunt,
936 3016 975 3078 et
1000 3019 1176 3081 accurata

151 3115 396 3217 inspectione
431 3113 475 3188 in
518 3127 677 3192 maturo
714 3113 847 3192 fiuctu
879 3115 1176 3215 dignoscuntur.

150 3227 340 3306 Fasciculi
367 3227 510 3326 lignos'i
533 3250 619 3304 non
643 3253 735 3304 raro
760 3245 990 3331 separantur
1013 3231 1055 3306 in
1076 3257 1176 3320 vasa,

152 3367 254 3444 quae
302 3341 423 3440 igitur
461 3355 555 3442 post
592 3343 900 3421 maturationem
943 3343 1176 3424 difficillime

151 3469 429 3555 agnoscuntur.

246 3569 499 3646 Exsiccantur
534 3570 648 3672 plura
684 3572 918 3675 pericarpia,
934 3610 937 3619 ·
953 3600 1054 3677 quae
1090 3600 1176 3650 non

152 3681 379 3771 dehiscunt,
405 3682 623 3784 druparum
651 3700 782 3763 cortex
808 3688 988 3777 exterior,
1015 3703 1053 3766 et
1077 3715 1177 3790 quo·

153 3821 232 3898 que
258 3822 359 3898 quae
386 3812 496 3874 antea
521 3797 634 3876 valde
659 3801 884 3878 succulenta
910 3818 1035 3891 erant,
1067 3802 1177 3879 unde

152 3911 293 3987 baccae
318 3913 442 3988 siccae
466 3927 665 3989 vocantur.

250 4019 497 4104 Dehiscentia
547 4052 702 4130 semper
749 4029 796 4106 fit
840 4029 1094 4106 exsiccatione
1134 4031 1176 4104 in

155 4155 340 4228 contextu
372 4142 562 4220 celluloso
597 4155 635 4220 et
667 4141 816 4246 duplici
850 4143 1015 4246 quidem
1039 4141 1176 4221 modo.
