2848 4888
291 343 318 416 r
476 297 480 306 ’
582 339 1024 424 rnraoonorro

293 534 376 636 ejus
400 535 649 638 statnm;·qui
672 536 1115 629 immutatnrrrrnansit,
1136 535 1316 616 conside·
1417 535 1418 538 ‘

292 651 369 726 rari
394 663 533 750 potest
675 725 678 730 ,

385 762 519 841 Verbo
549 765 703 839 Natura'
736 761 883 865 duplici
908 765 1065 843 utimur
1087 764 1230 854 modo,
1254 763 1314 842 uti

292 876 481 954 omnibus
513 873 711 974 ejusmodi
740 877 877 953 verbio
941 883 1021 956 Aut
1060 879 1315 980 complexum

293 989 478 1066 omnium
521 1011 657 1066 rerum
695 990 935 1067 naturalium
971 993 1050 1070 hoc
1085 995 1208 1070 verbo
1247 990 1315 1066 de-

294 1104 495 1192 claramus,
521 1117 589 1180 aut
611 1103 854 1205 principium
876 1106 1097 1197 internum,
1122 1131 1205 1208 quo
1222 1129 1316 1207 pro-

292 1218 432 1296 ductae
456 1230 583 1316 sunt¹
700 1245 708 1256 ¹

384 1336 533 1408 Natura
557 1329 738 1432 corporis
763 1343 822 1406 est
843 1330 1086 1434 principium
1101 1332 1315 1420 internum,

291 1471 373 1549 quo
400 1469 544 1546 corpus
569 1443 773 1542 singulum
795 1444 1040 1546 productum
1065 1459 1131 1522 est
1167 1450 1315 1522 Natura

291 1583 508 1660 corporum
533 1558 724 1656 generalis
750 1572 807 1635 est
829 1561 1072 1662 principium
1102 1561 1314 1648 internum,

182 1725 189 1748 ,
270 1699 374 1782 Ι(ῃιο
401 1671 536 1748 omnia
562 1696 731 1773 corpora
755 1671 950 1773 producta
975 1686 1076 1749 sunt

385 1785 632 1887 Principium
663 1785 884 1862 existentiae
914 1789 1145 1888 proximum
1170 1809 1314 1887 corpus

290 1899 467 1977 naturale·
499 1896 665 2001 quidem
696 1899 739 1972 in
764 1923 806 1976 se
830 1899 966 1987 habet,
990 1913 1194 2008 remotum
1217 1915 1313 1975 ver'o

291 2039 376 2091 non
412 2037 509 2087 raro
536 2013 583 2094 in
620 2011 696 2085 alio
736 2032 906 2110 corpore
945 2009 1000 2110 (e.
1039 2035 1072 2112 g.
1114 2013 1313 2112 genitore)

291 2128 470 2230 positum
506 2136 576 2206 est;
622 2122 937 2202 remotissimum
979 2125 1023 2202 in
1068 2147 1183 2203 causa
1208 2127 1315 2204 nni·

290 2231 428 2318 uersali
453 2236 631 2338 positum
654 2234 767 2312 soret

388 2355 535 2430 Contra
570 2356 769 2428 Naturam
811 2375 885 2430 tou
927 2367 1082 2454 praeter
1122 2356 1314 2430 Naturam

291 2467 350 2548 sui
377 2465 530 2564 generis
553 2479 618 2554 est,
637 2464 749 2566 quod
765 2464 961 2566 principio
979 2467 1135 2544 interno
1154 2466 1314 2544 aliunde

289 2593 443 2658 mutato
477 2577 663 2668 efficitur,
695 2578 728 2654 si
754 2577 920 2681 quidem
943 2579 1005 2668 id,
1042 2580 1154 2682 quod
1178 2595 1314 2669 mutat,

288 2697 389 2772 intra
414 2697 615 2781 Naturam,
639 2706 778 2794 utpote
795 2718 932 2770 rerum
948 2694 1187 2771 naturalium
1205 2719 1314 2771 com·

288 2809 465 2912 plexum,
486 2807 667 2908 ‚positum
693 2821 759 2884 est.
807 2808 882 2884 Sir·
899 2808 1040 2884 forma·
1054 2807 1188 2909 capitis
1205 2833 1314 2886 com·

287 2947 418 3024 pressa
442 2921 645 2998 variorum
667 2920 914 3022 populorum
943 2935 1043 2999 esset
1057 2920 1186 2997 forma
1203 2933 1314 3022 prae-

288 3033 551 3128 torne-turdis,
575 3035 608 3110 oi
630 3035 668 3110 vi
686 3048 840 3114 externa
858 3035 957 3110 olim
975 3033 1168 3136 producta
1185 3033 1313 3126 suerit,

289 3173 397 3239 nunc
422 3148 639 3244 congenita.

121 3349 124 3356 ,
260 3307 263 3312 -
382 3259 689 3364 Supranaturale
714 3273 781 3349 est,
806 3259 919 3364 quod
941 3261 979 3340 vi
1005 3274 1108 3340 extra
1131 3275 1314 3340 naturam

288 3376 415 3481 posita
457 3374 701 3478 producitur.
767 3377 834 3464 At,
884 3401 1128 3479 quamquam
1170 3377 1312 3465 existat,

287 3514 512 3590 numquam
535 3505 669 3566 tamen
694 3486 874 3586 dignosci
888 3504 1029 3593 potest,
1052 3499 1146 3568 itam
1162 3493 1313 3572 Natura

287 3599 441 3680 infinita
468 3613 537 3692 est,
574 3604 627 3680 ita
651 3617 697 3679 ut
720 3603 818 3680 seire
843 3628 928 3682 non
952 3605 1083 3693 lieeat,
1121 3627 1170 3680 an
1197 3621 1311 3680 causa

289 3716 486 3818 quaedam
521 3717 622 3794 intra
659 3720 849 3794 Naturam
882 3721 1097 3796 'constituta
1134 3717 1199 3804 sit,
1233 3739 1310 3792 nec

287 3851 349 3908 ne.
409 3831 510 3908 Hinc
546 3856 631 3912 non
666 3841 875 3911 moramur
911 3843 1046 3912 cainan
1078 3843 1310 3934 supranatu-

286 3942 429 4022 retro«
