2836 4878
555 391 669 468 FL‘O
679 380 717 472 S.
1070 393 1145 469 803

125 589 346 670 Allor'ibus·
365 587 547 668 femineis
572 588 751 695 sepsi-'alta
769 603 860 688 sunt
883 611 957 666 nec
979 611 1046 664 ne.
1072 587 1147 665 Sti·

124 719 214 807 pata
238 720 330 781 sunt
351 706 635 807 'paraphysihus
660 726 731 781 seu
754 703 930 806 panibus
950 701 1146 779 filisormi·

125 819 202 898 bus
234 820 399 922 septatis.
454 821 675 922 Explodere
700 818 882 896 ‘favillam
920 816 1148 918 Hednigius

127 946 264 1010 auctor
297 924 365 1010 ess
415 919 508 1013 Vidi
539 934 755 1010 utiiculum
791 933 901 1036 quasi
941 955 963 1007 e
1001 930 1149 1008 cellulis

126 1045 344 1124 conflatum
374 1047 474 1123 intra
510 1047 766 1148 pollinarium
796 1046 997 1122 inclusum
1023 1045 1071 1152 ab
1098 1063 1147 1120 eo

124 1160 243 1264 plane
266 1161 495 1238 distinctum
521 1161 564 1235 in
588 1157 691 1258 Bryo
717 1160 920 1236 annotino.
961 1159 1077 1236 Situs
1105 1158 1150 1234 in

127 1275 266 1350 axillis·
285 1289 353 1352 aut
382 1275 554 1351 termino
589 1272 710 1348 caulis
742 1287 779 1350 et
813 1297 1041 1360 ramorum,
1082 1270 1150 1347 ad·

126 1400 287 1464 stantes
300 1390 476 1464 bracteae
502 1395 546 1463 ³et
578 1387 813 1490 paraphyses
844 1387 933 1463 satis
978 1385 1150 1488 probant

23 1513 29 1521 '
126 1521 210 1575 non
242 1525 325 1578 esse
357 1501 576 1600 glandulas,
611 1501 764 1602 aliaque
795 1501 1046 1586 indumenta,
1079 1496 1149 1576 sed

124 1627 253 1716 partes
278 1613 446 1691 floribus
472 1630 510 1691 et
534 1614 699 1718 quidem
726 1616 896 1692 anthen's
922 1613 1113 1710 analogas.

223 1732 271 1805 In
302 1729 498 1829 Hepaticis
528 1727 736 1830 pollinaria
768 1727 876 1803 nuda
910 1741 1004 1802 sunt
1040 1751 1150 1828 para·

125 1839 318 1942 physibus
354 1865 439 1916 non
476 1843 613 1944 stipata
642 1843 685 1949 in
719 1841 839 1916 axillis
870 1853 937 1918 aut
965 1842 1008 1942 in
1035 1841 1150 1942 apici·
1285 1831 1288 1836 ’

126 1954 222 2041 bus3
245 1954 287 2029 in
314 1954 478 2056 aphyllis
501 1954 639 2031 frondi
662 1955 853 2055 inspersa,
869 1955 921 2030 ‘in
945 1956 1149 2032 Manchan-

126 2066 182 2144 tia
205 2067 307 2142 intra
332 2068 623 2170 receptaculum
648 2069 818 2144 seriatim
850 2067 1006 2166 digesta.

222 2185 272 2258 In
293 2181 531 2258 Liehe'nibus
557 2196 594 2258 et
617 2182 765 2279 Fungis
787 2182 899 2258 idem
923 2181 1150 2279 Hedwigius

126 2316 274 2392 organa
306 2295 479 2371 mascula
513 2294 702 2371 detexisse
733 2297 892 2396 putavit.
918 2297 1044 2371 ·Sunt
1067 2317 1151 2394 gra·

125 2408 221 2484 nula
245 2421 327 2482 tam
352 2407 393 2482 in
418 2409 675 2499 Hellenibus,
697 2435 828 2512 ¹quam
853 2409 1023 2506 Algiset
1045 2411 1150 2486 Fun-

125 2520 185 2619 gis
210 2522 421 2622 conspicua
447 2523 651 2620 amylaeeis
676 2523 892 2610 simillima,
917 2522 1034 2598 etiam
1060 2524 1150 2598 sub-

126 2633 223 2721 inde
247 2657 348 2735 aqua
372 2633 520 2712 fervida
545 2637 744 2714 solvenda.
801 2639 905 2713 Cum
930 2660 1003 2738 per
1024 2649 1149 2712 totam

126 2745 238 2820 thalli
276 2747 532 2824 substantiam
571 2751 743 2853 dispersa
781 2751 859 2826 sint
901 2751 984 2824 vi‘x«
1006 2771 1149 2850 organa

127 2859 301 2936 mascula
328 2863 681 2939 essecrediderim.

619 3105 659 3194 5.

417 3258 861 3352 Ptsmnnuu.
966 3237 1003 3260 ”
1087 3201 1090 3208 ¹

126 3431 229 3525 174.
290 3437 510 3524 Ριὶὲίιῖἰωη
557 3437 771 3552 germini
816 3433 1014 3536 insidet,
1052 3445 1151 3525 aut

186 3573 321 3664 inter
341 3577 567 3688 gemma
585 3577 808 3695 positum
826 3587 909 3678 est
925 3573 1150 3688 stigmate
1175 3599 1182 3608 ‘
1211 3571 1214 3580 “

187 3714 381 3830 papillis
426 3713 771 3828 dignussendo
812 3714 1150 3813 terminatum,

189 3853 315 3967 stylo
348 3881 496 3972 saepe
530 3854 754 3950 suffulto:

226 4000 457 4080 Secundum
488 4001 709 4116 liinnaeum
739 4005 871 4108 pistilli
904 4020 1031 4106 pantes
1057 4020 1150 4082 sunt

129 4117 310 4215 germen,
344 4118 465 4217 stylus
502 4134 541 4197 et
573 4118 711 4218 stigma
748 4121 843 4218 (Ph.
879 4121 959 4195 bot.
996 4121 1027 4218 5.
1064 4122 1148 4216 86.)
