2852 4872
418 329 884 479 mrucuamura
1036 424 1039 440 1
1088 377 1181 508 aas}

132 573 223 663 lula,
240 571 415 684 reliquis
415 516 676 675 epidcrmidis
693 572 842 649 cellulis
859 525 974 676 saepe
996 573 1158 675 majore,

132 702 253 790 saepe
284 687 464 762 minore.
513 687 718 766 Interdum
759 688 856 763 orbe
894 683 1179 771 circumdatae

132 802 431 916 conspiciuntur
456 825 477 876 e
501 803 630 902 parvis
656 801 804 877 cellulis
822 803 1055 906 composito,
1073 829 1179 890 000,

129 939 220 991 raro
251 913 367 991 viridi
401 917 535 994 colore
565 916 710 1000 tinctis,
736 912 938 991 interdum
970 917 1177 1014 glandula,

129 1029 214 1129 ipsa
239 1029 269 1104 'e
302 1029 451 1106 cellulis
478 1050 605 1131 usque
631 1027 681 1104 ad
703 1053 834 1104 aream
860 1033 1078 1131 composita
1103 1034 1158 1109 via
1222 1067 1226 1074 ·

130 1142 247 1218 detur
285 1143 443 1240 (Kieser
477 1143 631 1239 Phytot
667 1139 732 1270 113.
769 1141 861 1238 57..)
921 1143 1157 1243 Saepissime

129 1254 314 1368 glandula
347 1255 511 1332 decolor
543 1269 618 1342 est,
649 1253 776 1330 rarius
803 1253 941 1332 ‘viridis
974 1267 1056 1332 tota
1089 1270 1157 1335 aut

61 1419 62 1422 π
129 1357 227 1444 orbe
260 1369 375 1444 viridi
410 1370 543 1444 cincta.
584 1363 795 1444 Formam
831 1369 951 1445 babet
981 1363 1155 1472 plerum·
1194 1447 1201 1458 ,

128 1509 206 1586 que
244 1483 413 1570 ovalem,
451 1482 502 1558 ad
533 1481 750 1558 rotundam
784 1496 851 1557 aut
882 1482 931 1558 ad
965 1483 1156 1562 linearem

126 1599 250 1696 magis
276 1597 538 1683 accedentem,
563 1597 688 1671 rarius
714 1569 1079 1696 quadrangularem,
1109 1615 1155 1676 ut

126 1713 169 1786 in
202 1717 332 1789 Yucca
365 1710 549 1787 Gloriosa
582 1724 620 1785 et
648 1713 782 1806 Agaue
807 1710 1023 1786 americana
1050 1715 1153 1810 (Ru-
1248 1789 1253 1808 ,

128 1825 265 1925 dolph.
306 1839 331 1900 t
370 1830 402 1899 1.
440 1822 464 1896 f.
501 1821 557 1918 l.)
596 1836 664 1898 aut
690 1821 999 1918 »emarginatam
1033 1839 1078 1900 ut
1109 1828 1152 1904 in

125 1937 312 2034 Amarylli
354 1935 641 2014 formosissima
679 1935 877 2032 (Krocler
916 1950 941 2011 t.
979 1941 1011 2012 1.
1051 1937 1076 2013 f.
1117 1943 1152 2016 2.

124 2050 358 2148 0010)..
419 2049 726 2128 Rhomboidalis
762 2047 891 2126 forma
928 2073 1071 2150 parum
1103 2055 1151 2130 ab

128 2158 228 2241 ovali
256 2162 397 2239 differt.
447 2167 493 2238 ln
519 2176 599 2240 tota
617 2176 726 2262 parte
750 2161 890 2238 eadem
917 2162 1000 2239 sere
1022 2165 1152 2242 forma

127 2294 200 2364 est;
224 2301 366 2380 parum
393 2273 593 2372 longiores
618 2279 660 2351 in
684 2278 824 2376 pagina
843 2277 1032 2354 exteriore
1048 2280 1152 2380 peria

125 2383 231 2498 gonii
259 2388 429 2466 subinde
447 2388 1151 2493 001000000001001010110010101ιί

124 2534 161 2608 p.
185 2507 278 2602 92).
340 2501 432 2580 Vidi
468 2517 603 2578 tamen
645 2499 812 2603 duplicis
849 2503 1016 2600 generis,
1058 2505 1173 2602 alias

124 2620 310 2694 minimas
350 2615 634 2704 subrotundas,
678 2616 770 2692 alias
806 2616 935 2691 multo
977 2614 1150 2714 maiores

127 2731 257 2808 uvales
281 2732 323 2804 in
351 2729 615 2806 Graminibus.
671 2785 674 2794 2

221 2845 337 2922 Rima
353 2843 472 2932 hiare,
498 2858 566 2919 aut
581 2859 743 2944 *patente
760 2859 828 2922 aut
852 2845 980 2920 clausa
1006 2867 1149 2940 omnes
1167 2935 1171 2942 ι

127 2957 379 3050 crediderunt
395 2957 633 3054 Phytotomi.
670 2962 846 3035 AtN'ees
872 2959 919 3032 ab
944 2957 1150 3034 Esenbeclt

126 3072 303 3172 (Handb.
330 3071 366 3146 d.
391 3075 432 3146 B.
459 3077 491 3146 1.
516 3097 552 3172 p.
571 3070 672 3166 618.)
694 3067 840 3147 rimam
866 3084 1040 3170 apertam
1065 3081 1173 3148 esse'

125 3211 256 3261 aream
288 3185 412 3283 magis
444 3183 700 3287 pellucidam,
733 3185 905 3261 clausam
939 3189 1022 3260 esse
1045 3209 1149 3287 mar3

123 3293 256 3397 ginem
290 3323 400 3376 areae
434 3301 665 3376 crassiorem
703 3297 894 3374 adfirmat.
967 3295 1171 3376 assentio

123 3413 305 3488 lubenter
334 3414 422 3488 viro
447 3409 691 3500 acutissimo,
717 3425 756 3488 at
779 3434 910 3488 aream
937 3411 1168 3512 obscuram⁴

67 3517 70 3524 ’
123 3527 338 3603 secretione
377 3521 563 3605 materiae
595 3525 845 3602 obscuratam
881 3540 997 3628 puto,
1035 3525 1149 3628 quod

121 3640 164 3717 in
202 3639 460 3772 quibusdam,
503 3666 533 3718 0.
559 3665 592 3740 3.
616 3643 870 3736 Baryosmate
901 3653 1049 3716 serrato
1090 3639 1148 3714 di

122 3751 260 3830 stincte
286 3755 459 3856 conspici
487 3753 789 3830 adfirmaverim.

220 3868 379 3944 Cellulis
410 3867 669 3973 epidermidis
702 3867 910 3968 impositae
942 3856 1147 3982 reperiun-

119 3996 200 4068 tur,
237 3981 475 4084 plerumque
509 3980 580 4056 ubi
625 3980 759 4080 plures
803 3979 965 4058 cellulae
1005 4003 1147 4056 conve

119 4095 253 4180 niunt,
290 4097 416 4172 rarius
448 4091 670 4196 superficiei
703 4094 827 4171 unius
867 4091 1050 4180 cellulae,
1082 4109 1146 4220 or

803 4211 851 4284 15
