2848 4888
550 406 794 486 FORMA.
1123 407 1179 480 63·
1218 520 1219 524 Ἴ

145 605 209 680 six'
240 577 420 705 unquam
451 603 569 708 piane
599 599 749 691 deficit,
786 625 994 705 nunqnam
1038 601 1175 706 planta

148 718 373 816 normalis
361 743 450 820 ipso
477 731 589 796 caret.

245 831 378 910 Caulis
413 833 518 910 basis
554 857 639 909 non
675 854 766 908 raro
800 829 992 906 deorsum
1025 829 1172 918 crescit,

146 953 323 1044 gemmas
341 946 634 1048 cauliculosque
651 945 805 1034 emittit,
835 957 874 1022 et
888 957 984 1021 tunc
1000 944 1175 1036 rhizomo'

145 1073 334 1162 vocaturn
374 1062 479 1160 Cum
511 1059 701 1138 deorsum
727 1071 887 1148 crescat,
920 1058 971 1134 ad
995 1057 1171 1136 radicem

145 1174 474 1262 referendus-ese
499 1168 745 1276 quamquam
769 1185 963 1250 structura
988 1171 1089 1250 cauli
1121 1172 1171 1249 si·

146 1286 338 1364 millimus
362 1287 419 1363 sit.

175 1405 300 1478 iuter
337 1399 540 1492 caudicem
588 1399 894 1480 adscendentem
933 1413 973 1478 et
1012 1399 1173 1477 descen-

62 1597 65 1604 ,
145 1497 307 1575 dentem
329 1497 603 1575 *intermedius
638 1501 834 1602 reperitur
873 1501 936 1576 in.
962 1498 1172 1576 arboribus

144 1609 319 1714 aliisque,
336 1613 406 1714 qui
431 1612 647 1689 cauliculos
672 1615 821 1716 absque
844 1611 945 1691 folio
969 1610 1168 1701 fideienae,

143 1727 203 1812 uti
226 1725 337 1802 radix
362 1740 401 1802 ct
416 1727 614 1839 ‘rhizoma
637 1727 833 1829 producit,
850 1742 890 1806 at
907 1751 1069 1805 sursum
1085 1751 1172 1805 cre-¹

144 1839 218 1917 scit
241 1854 281 1918 et
303 1853 540 1918 structuram
565 1841 687 1918 caulis
710 1842 838 1918 habet.

143 2066 218 2186 3-3.Ι
268 2063 454 2190 ¹Partes
485 2065 775 2184 plantarum
801 2091 1048 2184 expansae
1074 2065 1170 2184 pri·

204 2203 395 2294 mariae
441 2205 579 2322 'folio
640 2217 778 2308 sunt,
843 2202 1172 2304 secundariae

145 2339 149 2346 ’
207 2349 340 2464 calyx
386 2359 428 2434 et
474 2347 663 2447 corolla,
715 2341 969 2436 tertiariae
1022 2349 1171 2436 balaan

202 2490 455 2606 pericarpii.
917 2467 922 2478 ⁵

143 2695 148 2708 ·
240 2652 353 2756 Folia
378 2667 471 2729 sunt
495 2665 621 2756 partes
645 2652 869 2755 plantarum
894 2653 1056 2756 planae,
1081 2653 1170 2734 viri2

146 2767 232 2855 des,
252 2780 480 2842 constantes
505 2791 527 2844 e
552 2766 714 2844 duobus
738 2767 949 2866 segmentis
969 2767 1171 2871 *eliipticis

144 2879 228 2957 sere
254 2881 455 2990 congruis,
480 2905 657 2984 quorum
682 2905 795 2958 arcus
818 2881 862 2956 in
879 2879 971 2958 basi
998 2897 1046 2958 et·
1062 2881 1171 2984 apice¹

131 2995 232 3076 folii
258 3017 351 3094 sese¹
368 3009 507 3071 secant
562 2995 719 3070 Habent
741 2997 863 3070 situm
887 3017 909 3069 a
933 2991 1171 3070 horizontali

143 3136 287 3214 parum
314 3107 523 3196 diversum,
550 3123 588 3184 et
609 3109 793 3210 paginam
818 3107 1170 3220 superioremdis

145 3237 371 3325 crepantem
399 3223 453 3298 ab
486 3220 690 3310 inferiore,
726 3221 1028 3324 marginemque
1058 3245 1169 3298 acua-

144 3353 241 3415 tum.
292 3335 447 3424 Sessilia
471 3351 578 3426 sunt,
603 3348 672 3413 aut
693 3333 842 3438 petioio
868 3325 1097 3415 felicitantur.
1154 3387 1158 3394 -

145 3481 168 3490 ·’
240 3455 387 3528 Forma
413 3450 575 3552 alienata
601 3476 726 3527 crassa
751 3463 844 3527 sunt
868 3463 907 3528 et
930 3449 1168 3543 succulenta,

145 3565 296 3652 teretia,
335 3565 471 3640 conica
504 3579 543 3641 et
573 3563 715 3664 rigida,
754 3587 855 3668 quae
880 3564 1035 3666 spinam
1058 3581 1171 3640 men·

143 3681 313 3767 tiuntur,
345 3678 513 3756 scariosa
546 3693 586 3756 et
616 3667 788 3768 minuta,
812 3677 1039 3789 vaginulam
1065 3677 1170 3755 exhi·

144 3794 287 3872 beotia

89 3997 92 4002 A
221 3911 388 4014 Versus
424 3903 558 4010 finem
578 3905 769 4006 ultimum
806 3907 927 4004 caulis
972 3922 1019 3986 et
1040 3923 1171 3994 ramo}-

147 4003 249 4109 rum,
272 4007 401 4124 partes
426 4004 719 4126 generationis
713 4001 867 4126 scilicet
893 3999 988 4102 solia
1012 4020 1170 4097 minora
1217 4059 1222 4070 .

148 4133 266 4224 fiunt,
298 4134 516 4225 teneriora·
540 4135 675 4212 minus
706 4115 862 4236 partita,
886 4133 1171 4239 petiolumqua,
