2848 4888
254 369 305 458 ‚³8
647 371 889 448 Ptan'raz
933 431 937 458 ,

258 579 325 651 tes·
357 572 477 648 reo·
493 569 604 646 vario
634 591 760 670 scopo
791 565 997 645 habemus·
1010 567 1282 669 adplicatorr'os,

257 685 550 766 conservatorios
575 696 614 758 et
631 683 931 785 propagaton'os,
957 680 1027 782 qui
1051 681 1172 780 igitur
1196 705 1284 764 orn·-⁸

203 823 206 828 ·
258 821 330 876 nes
353 796 769 874 ad'conservationem
794 808 834 872 et
856 795 999 898 speciei
1026 809 1065 872 et
1086 793 1284 872 individui

145 999 158 1029 w
260 911 511 989 conducunt.
548 911 683 988 Planta
709 935 794 987 non
818 909 952 986 solum
970 909 1198 998 seminibus,
1215 905 1287 986 sed

262 1047 427 1128 quoque
450 1023 736 1128 propaginibus
760 1025 802 1098 in
826 1039 972 1100 terram
998 1023 1187 1112 demissis,
1212 1047 1287 1098 nec

262 1162 346 1216 non
372 1141 540 1240 gemmis
564 1140 606 1215 in
622 1141 715 1242 ipsa
739 1138 871 1241 planta
898 1139 1065 1216 evolutis
1095 1161 1288 1242 propaga·

260 1268 356 1332 tur..
385 1259 488 1330 Sunt
511 1278 676 1356 quoqne
698 1253 740 1328 in
758 1267 848 1328 actu
870 1254 1150 1356 propagatorio
1179 1267 1288 1334 actus

261 1370 331 1470 qui
363 1367 498 1470 ipsum
531 1382 664 1444 actum
696 1365 960 1467 generationis
985 1360 1024 1444 et
1046 1363 1291 1469 praecedunt

262 1497 301 1568 et
324 1496 556 1584 sequuntur.

348 1597 474 1674 Sicuti
489 1612 597 1682 actus
609 1596 880 1696 generatorius
894 1595 938 1672 in
951 1593 1188 1684 animalibus
1199 1592 1291 1684 uni<

263 1735 334 1788 cus
359 1724 417 1788 est
440 1711 621 1812 quamvis
644 1712 815 1788 maxime
841 1709 1099 1813 compositust
1116 1711 1171 1787 sic
1188 1733 1290 1810 qno-‚

265 1850 345 1928 gne
368 1825 412 1900 in
437 1839 525 1902 actu
549 1826 842 1909 conservatoria
869 1809 1051 1910 animalia
1072 1847 1291 1926 perunum

265 1964 311 2026 os
344 1938 527 2016 alimenta
558 1939 765 2028 hauriunt,
805 1938 1032 2038 vegetabilia
1069 1963 1142 2041 per
1176 1937 1292 2040 plura

213 2133 218 2146 ,
265 2051 426 2132 orificia.
475 2051 751 2133 Differentiam
774 2054 878 2132 inter
903 2052 1086 2130 animalia
1111 2067 1150 2130 et
1179 2074 1292 2150 vege·

263 2167 396 2252 tabilia
425 2167 521 2244 hinc
551 2169 742 2270 quaesivit
770 2169 953 2244 Aitonius
985 2166 1181 2265 (Tirocin.
1218 2165 1292 2244 ho·

263 2295 341 2366 tan.
369 2281 514 2360 Edinb.
545 2283 687 2380 rtet).
766 2285 817 2359 At
850 2282 1111 2360 Rhiaostome
1148 2277 1293 2358 animal

265 2395 544 2497 excipiendum
575 2409 641 2473 est
697 2395 864 2474 Addidit
898 2396 1031 2497 itaque
1054 2393 1293 2473 Blumenba-

266 2511 380 2588 chius
421 2508 601 2608 (Handb.
639 2507 676 2586 d.
712 2509 965 2610 Naturgesch.
998 2510 1028 2606 §.
1061 2507 1138 2606 4.),
1175 2523 1295 2590 motu

266 2623 491 2706 voluntario
537 2636 592 2706 ,et
612 2621 663 2701 ad
700 2647 869 2724 scopum
906 2621 1061 2700 directo
1104 2621 1293 2723 distingui

267 2737 458 2814 animalia.
862 2786 863 2794 κ

340 2877 344 2882 ·
363 2852 443 2946 Qui
469 2848 635 2953 quidem
652 2863 790 2927 motns'
804 2849 1050 2930 voluntarius
1068 2852 1164 2929 etin
1182 2851 1295 2930 loco·

257 2955 482 3046 ‘motivitate
508 2963 757 3054 animalium,
783 2991 906 3068 quam
929 2981 1086 3054 vocant,
1112 2967 1294 3058 cernitur.

266 3083 376 3160 Hane
392 3106 466 3181 pro
486 3078 705 3158 charactere
722 3079 955 3158 animalium
975 3079 1178 3158 venditant
1198 3085 1296 3160 Jun-

267 3193 803 3299 gius(1sagog.phytoscop.
829 3197 859 3292 ἓ.
885 3195 934 3292 1.)
961 3207 1000 3270 et
1021 3194 1188 3294 Ludwig
1214 3197 1294 3294 (ln-

268 3307 342 3383 stit
366 3307 493 3405 Regni
518 3310 689 3404 vegetab.
715 3310 746 3407 §-
772 3309 840 3406 t).
889 3311 940 3387 At
961 3307 1131 3390 Baianus
1156 3309 1296 3386 eadem

268 3433 401 3512 carere
437 3418 517 3520 jam
554 3422 752 3502 Linnaeus
790 3437 1023 3520 auctorest
1058 3422 1181 3522 (Phil.
1213 3425 1295 3500 bot

266 3538 299 3636 5.
330 3536 416 3634 3.).·
478 3539 705 3638 Utrumque
747 3537 1011 3616 characterem
1050 3551 1089 3616 et
1120 3539 1229 3616 hune
1259 3551 1298 3618 et

220 3665 230 3680 ”
266 3647 570 3752 praecedentem
604 3652 807 3729 combinat
843 3651 1024 3732 Okenius
1059 3653 1221 3753 (Lehrb.
1259 3651 1295 3729 d.

267 3763 622 3868 Naturphilosoph.
646 3769 744 3846 Jena
770 3769 877 3848 181⁰.
902 3771 957 3846 Τ.Δ
970 3771 1004 3844 2.
1029 3794 1066 3870 p.
1085 3769 1163 3866 12)
1196 3766 1297 3852 dum

269 3881 335 3968 ait,
368 3878 527 3956 defectu
558 3879 791 3957 irritamenti
821 3883 973 3960 moveri
999 3881 1199 3970 animalia,
1224 3901 1297 3977 nec

122 4057 136 4078 a.
267 3993 504 4094 vegetabilia.
520 3999 678 4076 >Motus
690 3994 901 4076 voluntarii
922 3996 1298 4080 etlocomotiritatis

269 4107 475 4235 inningen.
493 4109 536 4188 in
560 4107 712 4213 plantis.
723 4109 903 4212 emnpta
922 4111 1112 4215 praebent
1130 4135 1214 4192 non
1234 4135 1297 4194 soe
