2848 4888
484 365 856 448 suavetona.
1135 375 1179 472 'll

153 559 349 638 labantur.
397 559 501 642 Male
524 564 644 662 igitur
666 561 807 642 Mirbel
832 565 1054 642 secundnm
1077 568 1178 646 hanc

153 675 499 778 comparationem
530 693 638 781 septa
667 678 770 756 inter
799 679 1049 756 membranas
1084 684 1177 758 sim·

153 788 275 889 plicia
310 814 394 866 esse
424 790 492 888 ait,
513 791 573 892 (p.
607 792 721 889 lto).
780 790 958 870 Similem
982 794 1178 872 theoriam

151 899 238 1000 jam
271 903 369 980 olim
398 902 578 982 Wolfius
611 907 780 1004 (Theor.
810 919 976 1002 generat
1003 907 1062 984 ed.
1087 933 1176 986 nov.

152 1018 242 1096 Hal.
268 1022 373 1097 1774.
396 1045 433 1120 p.
460 1018 532 1115 to.)
560 1020 746 1119 exposuit
770 1018 949 1094 vesiculis
968 1019 1068 1097 intra
1085 1023 1177 1098 sub-

152 1133 340 1208 stantiam
372 1131 617 1234 aequabilem
654 1131 789 1230 (mere
819 1131 981 1210 mixtam
1017 1136 1075 1212 uti
1107 1159 1178 1214 vo-

154 1247 243 1344 cat)
270 1245 375 1323 ortis.

152 1423 157 1430 ·
253 1385 303 1459 At
334 1380 442 1458 nulla
472 1407 562 1484 pars
594 1379 637 1458 in
667 1382 809 1485 plantis
841 1383 1087 1460 normalibus
1117 1411 1178 1462 ae·-
1288 1466 1294 1478 l

152 1495 325 1596 quabilis
362 1509 419 1570 est
455 1510 494 1571 et
526 1496 674 1596 absque
707 1495 872 1585 cellulis,
913 1497 1020 1575 nulla
1039 1519 1179 1574 ‘mem-

150 1607 277 1685 brana
300 1609 500 1685 invenitur
524 1634 545 1684 e
570 1609 719 1686 cellulis
744 1634 827 1686 non
853 1614 1081 1714 composita,
1102 1613 1177 1690 nisi

151 1721 388 1798 cellularum
424 1722 655 1799 membrana
690 1723 784 1824 ipsa.
847 1725 1068 1803 Substantia
1105 1727 1177 1803 ista

150 1859 266 1911 mere
298 1837 416 1912 mixta
448 1834 613 1924 Wolfii,
648 1851 715 1912 aut
744 1862 958 1940 saponacea
984 1855 1023 1917 et
1044 1840 1177 1939 gelati·-

151 1973 254 2024 nosa
277 1948 448 2026 Mirbelii
473 1973 559 2026 non
583 1949 717 2024 existit.

253 2084 433 2182 Quodvis
461 2086 582 2184 igitur
612 2101 769 2187 septum
799 2089 956 2165 cellulas
989 2089 1177 2167 dirimens

103 2196 108 2210 ‘
150 2197 301 2300 duplex
326 2211 392 2274 est
439 2201 489 2274 Et
513 2199 567 2274 sic
593 2224 676 2275 non
693 2227 783 2277 raro
802 2201 1049 2303 conspicitur,
1066 2229 1175 2306 prae-

150 2313 288 2389 sertim
324 2312 366 2388 in
391 2313 568 2412 margine
592 2315 801 2416 parietum,
826 2315 896 2391 ubi
921 2317 1175 2392 membranae

150 2425 359 2514 secedunt,
392 2450 423 2503 e.
456 2451 488 2526 g.
522 2428 564 2502 in
588 2427 738 2530 petiolo
763 2427 849 2504 folii
874 2429 1083 2506 Phoenicis
1110 2431 1176 2507 da·

150 2539 364 2638 caytiferae
380 2555 447 2616 etc.
510 2544 752 2629 caverem,
797 2567 848 2617 ne
880 2543 1076 2641 margines
1108 2569 1174 2646 pa·

148 2655 298 2730 rictum
322 2653 575 2743 inferiorum,
602 2681 703 2757 quae
727 2658 975 2743 translucent,
1000 2682 1073 2758 pro
1102 2656 1175 2734 du·

150 2766 245 2870 plici
270 2767 414 2842 habeas
440 2782 561 2870 septo.
620 2771 870 2846 Membranas
895 2771 993 2869 septi
1016 2771 1069 2846 ita
1096 2771 1174 2847 col-

151 2881 232 2956 labi
267 2895 304 2957 et
337 2903 586 2957 concrescere
619 2897 665 2957 ut
695 2907 809 2984 saepe
841 2881 1005 2984 simplex
1031 2884 1173 2976 consti-

151 3009 267 3071 tuant
290 3008 446 3095 septum
473 3009 511 3070 et
534 3017 641 3070 nunc
666 2999 749 3071 non'
775 3018 878 3094 nego
911 2993 1173 3093 (Grundlelrr.
1275 3091 1278 3099 ¹

153 3109 190 3184 d.
216 3113 325 3186 Anat.
350 3134 387 3183 u.
413 3107 583 3205 Physiol.
610 3107 646 3183 d.
670 3107 741 3185 Pil.
768 3111 872 3186 Giitt.
897 3111 1001 3186 1807.
1027 3135 1064 3212 p.
1089 3111 1172 3207 bd).

67 3253 72 3257 ·
151 3221 231 3308 Cfr.
258 3243 422 3324 quoque
446 3221 652 3325 Rudolphi
677 3226 785 3300 Anat
811 3221 1172 3302 delineasset.

149 3361 187 3440 p.
213 3335 332 3430 249.)

247 3474 478 3552 Membrana
511 3497 532 3550 e
570 3475 716 3578 quibus
748 3473 978 3552 cellularum
1007 3469 1181 3578 parietes

150 3601 332 3666 constant
363 3611 519 3690 semper
549 3581 708 3686 hyalina·
739 3602 807 3664 est
839 3583 1050 3690 ⁸Colorata
1087 3611 1172 3666 non

150 3703 226 3782 nisi
252 3701 305 3802 ob
331 3725 494 3778 succum
520 3715 751 3800 contentum
777 3715 944 3804 apparet

246 3852 390 3928 Ae‘rem
414 3849 557 3928 vehere
581 3850 739 3928 cellulas
763 3848 1089 3928 montuosae
1105 3848 1171 3928 a‘d·

152 3960 262 4039 dtutt
310 3965 361 4042 At
384 3953 475 4079 aer}
497 3987 582 4042 non
607 3964 683 4042 nisi
706 3965 755 4044 io
774 3963 927 4042 cellulis
949 3959 1102 4040 elloetis
1135 3976 1170 4038 et

151 4076 322 4180 iisquas
346 4076 588 4180 compositas
613 4077 721 4165 dico,
745 4077 958 4178 invenitus
