2840 4878
276 418 349 498 148
382 431 388 442 '
678 407 902 493 cautis.

278 613 452 726 peraceis
476 639 570 696 vero
590 615 792 704 'committi
818 611 861 690 in
885 610 1021 728 multis
1047 631 1067 686 a
1093 607 1205 720 caule
1227 634 1307 723 npn

277 719 433 798 discreti.
466 715 533 790 ui
559 713 679 793 catalis
705 711 756 788 ad
779 711 940 788 nodum
954 722 1222 786 ¹incrassatum
1245 730 1305 782 ua

269 831 468 918 ,flectitun
487 826 730 926 geniculatus
755 823 810 902 fit
918 855 921 862 ¹

372 942 518 1023 Nodus
548 941 709 1043 complex
732 939 879 1016 folium
903 934 1187 1020 tantummodo
1213 941 1304 1036 pro-

269 1062 362 1149 fert,
391 1071 458 1135 aut
481 1079 642 1136 ramum
666 1057 817 1156 absque
840 1052 951 1133 folio.
998 1052 1104 1130 Illud
1129 1052 1172 1126 in
1193 1051 1304 1151 plan-

269 1174 326 1253 tis
353 1169 589 1275 plezophyllas
620 1169 776 1258 accidit,
808 1167 879 1244 ubi
910 1167 1035 1244 multa
1067 1164 1163 1242 folia
1195 1189 1307 1266 repeb

275 1288 435 1366 ciuntur
474 1285 624 1386 absque
655 1284 845 1359 ramo-in
872 1282 999 1370 axilla,
1028 1281 1087 1357 uti
1120 1281 1162 1356 in
1186 1280 1305 1365 lino,

275 1401 432 1489 Abieta,
467 1404 588 1476 Taxo.
648 1401 736 1474 Hoc
767 1397 904 1474 locum
933 1396 1068 1483 habet,
1098 1395 1131 1470 si
1159 1393 1306 1472 folium

277 1542 300 1592 a
322 1538 436 1591 ramo
471 1509 675 1590 dimotum
700 1525 774 1600 est,
805 1511 918 1588 utin
944 1509 1183 1598 Solanaceisa
1207 1513 1306 1585 Bor·-

276 1627 460 1727 ragineis‚
490 1627 605 1701 Ruta.
661 1624 805 1702 Nodus
837 1627 1064 1728 compositus
1093 1627 1136 1700 in
1160 1624 1306 1726 plen's-

273 1765 357 1844 que
388 1739 603 1844 invenitur,
634 1737 781 1816 folium
813 1765 907 1816 cum
938 1764 1052 1816 ramo
1084 1739 1204 1815 simul
1238 1751 1307 1814 aut

276 1856 401 1958 ipsius
430 1851 665 1929 rudimento
693 1853 931 1956 producens.
988 1853 1164 1942 Plantae,
1202 1876 1306 1955 quae

272 1967 438 2050 nonnisi
454 1966 562 2046 hisce
572 1966 698 2044 nodis
721 1968 935 2045 instructae
957 1981 1061 2055 sunt,
1084 1969 1306 2071 anphyllae

271 2082 408 2166 ,vocari
432 2093 610 2183 possunt.
664 2082 886 2158 Discn‘men
907 2083 1013 2160 inter
1036 2081 1305 2158 nodum-sim-

273 2198 437 2300 plicam,
469 2207 508 2272 et
544 2195 814 2296 compositum
854 2195 974 2273 habet
1011 2194 1197 2294 Ludwig·
1218 2197 1304 2294 (ln-

275 2311 395 2388 stitut
419 2334 449 2382 r.
473 2333 507 2383 u.
531 2309 562 2405 ἓ.
586 2311 669 2385 419.
694 2309 811 2406 Μ).
856 2336 859 2344 ’

372 2419 516 2500 Notius
540 2423 677 2522 imegcr
692 2435 766 2510 est
792 2421 862 2524 qui
880 2423 1034 2500 caulem
1051 2424 1301 2501 circumcirca

277 2535 410 2620 ambit
448 2535 663 2616 ¹Invenitur
685 2536 728 2611 in
755 2537 961 2625 omnibus,
987 2563 1089 2640 quae
1113 2537 1210 2615 folia
1233 2539 1301 2615 ha-

272 2651 373 2731 bent
386 2649 632 2747 ‘vaginantia
654 2663 724 2725 aut
747 2651 909 2748 vaginae
932 2652 1070 2729 totales
1088 2679 1109 2728 a
1125 2650 1225 2729 folio
1243 2679 1300 2729 se-

273 2777 444 2867 paratae.
491 2762 604 2840 Folia
628 2777 707 2840 aut·
721 2765 866 2842 altema
890 2779 992 2855 sunt,
1016 2781 1063 2842 ut
1085 2767 1300 2842 inGrami·

272 2878 411 2967 nibus,
446 2889 514 2956 aut
539 2879 742 2979 opposita,
773 2887 830 2959 ut'
849 2881 891 2957 in
916 2881 1100 2969 Labiatis‚
1126 2895 1194 2958 aut
1217 2904 1301 2959 ver-

277 2991 444 3080 ticillata,
475 3005 521 3067 ut
549 2993 590 3068 in
623 2993 855 3094 Hippuride.
904 2993 1047 3071 Nudus
1070 2997 1210 3072 diois-m
1235 3009 1300 3084 est,

274 3105 345 3206 qui
376 3118 509 3181 totum
535 3106 693 3184 caulem
725 3133 810 3185 non
843 3109 980 3196 ambit,
1015 3108 1126 3210 quod
1151 3110 1194 3184 in
1218 3111 1300 3212 ple-

274 3217 407 3318 risque
429 3219 753 3315 Dicotyledoneis
777 3221 839 3311 fit,
862 3224 1093 3324 praesertim
1129 3249 1301 3325 quarum

271 3326 369 3406 folia
388 3345 486 3420 sunt
511 3330 666 3424 altema,
692 3335 763 3414 sed
788 3334 1019 3438 quoquein
1043 3337 1100 3423 iis,
1126 3361 1299 3438 quarum

273 3455 366 3518 sunt
384 3444 571 3545 opposita
597 3461 665 3530 aut
687 3450 920 3527 vetticillata
1077 3519 1079 3524 .

243 3601 246 3610 ·
367 3557 511 3635 Nudus
542 3561 696 3638 clausus
729 3551 802 3668 est,
833 3563 905 3639 ubi
929 3563 1129 3642 medullae
1155 3566 1296 3641 canalis

272 3669 384 3770 quasi
408 3685 522 3773 septo
549 3671 696 3750 divisus
720 3679 925 3777 reperitur,
944 3680 1100 3780 pervius,
1126 3679 1196 3756 ubi
1212 3703 1296 3754 me·

272 3779 380 3866 dulla
426 3785 586 3869 nodum
632 3789 799 3892 absque.
821 3792 1110 3895 interruptione
1149 3792 1295 3868 transit

270 3899 444 3997 septum
473 3899 583 4004 istud
617 3903 677 3980 uti
713 3903 888 3983 medulla
919 3907 1071 4009 reliqua
1105 3909 1139 3981 ε’
1157 3929 1295 4008 paren·

269 4009 463 4108 chymate·
481 4017 768 4118 compositum,
805 4018 876 4097 sed
908 4020 1071 4097 celhilae
1102 4035 1294 4097 transvec-

194 4164 198 4172 ·
267 4121 344 4202 sim
378 4127 531 4228 positae
563 4147 770 4236 apparent,
799 4134 858 4212 uti
890 4133 1025 4214 videre
1057 4133 1151 4214 licet·
1176 4137 1290 4229 w'M
