2852 4872
255 371 327 466 196
670 369 860 464 FOLIA.

256 587 340 644 non
372 565 562 642 habent
551 566 763 642 meisiones
794 570 866 642 trec
890 564 1129 666 partitiones.
1180 565 1283 640 Sunt

257 683 391 786 itaque
414 680 550 755 minus
577 680 1029 782 explicata..

352 794 465 873 Folia
501 793 685 892 radicalia
723 808 791 870 aut
821 817 1072 893 gemmacea
1069 807 1185 884 sunt,
1218 790 1284 866 de

258 911 404 1014 quibus
438 905 539 983 infra
571 907 693 1005 (128)
726 909 893 996 dicetur,
926 923 994 984 aut
1022 933 1112 983 vera
1134 905 1284 982 radica-

257 1024 325 1112 lia,
348 1021 622 1124 superioribus
646 1022 843 1110 breviora,
866 1019 1013 1110 latiora,
1038 1019 1284 1120 longiuslpe-

259 1139 411 1226 tiolata,
442 1136 568 1234 magis
601 1137 757 1225 obtusa,
789 1139 925 1214 minus
950 1136 1087 1236 partita
1111 1134 1285 1236 plerum·
1339 1237 1342 1241 Ι

207 1308 210 1316 -
259 1278 355 1357 que,
389 1251 511 1328 incisa
542 1263 692 1339 tamen,
720 1250 878 1327 cordata
904 1273 1019 1352 saepe
1046 1248 1145 1323 dum
1170 1271 1286 1349 supe-

259 1369 365 1444 riora
394 1378 516 1441 ovata.

356 1478 469 1556 Folia
495 1477 648 1553 caulina
674 1492 768 1554 sunt
790 1477 1027 1572 radicalibus
1052 1477 1286 1574 angustiora,
1329 1495 1332 1500 ·
1387 1505 1390 1510 ·

259 1595 383 1693 magis
415 1605 580 1679 acutata,
607 1605 646 1666 et
670 1607 864 1668 attenuata
889 1592 1023 1688 magis,
1048 1591 1286 1693 plerumque

259 1701 399 1795 i'ncisa,
426 1720 463 1782 et
486 1706 640 1806 partita,
666 1731 750 1782 non
776 1707 828 1780 ita
852 1704 972 1804 longe
996 1705 1191 1807 petiolata.

357 1820 468 1896 Folia
496 1819 648 1894 caulina
674 1819 877 1922 superiora
905 1834 943 1895 et
966 1843 1098 1895 ramea
1131 1819 1287 1894 minora

260 1933 366 2014 fiunt
395 1931 731 2032 (deliquescunt),
764 1932 959 2034 petiolum
984 1934 1132 2010 habent
1155 1935 1287 2008 mino-

219 2113 221 2118 .
260 2073 347 2124 rem
380 2045 586 2122 nullumve
618 2047 990 2149 (expetiolaseunt),
1019 2048 1196 2123 minores
1220 2047 1289 2124 ha·

260 2162 357 2238 bent
379 2160 592 2236 incisiones
617 2161 793 2240 nullasve
819 2160 1126 2259 (integrescunt).
1177 2151 1288 2254 Quat

261 2275 336 2351 sub
369 2273 539 2350 floribus
571 2275 723 2374 positae
756 2289 863 2364 sunt,
898 2275 1064 2354 bracteae
1084 2287 1288 2362 rotantur,

262 2385 313 2464 de
339 2386 485 2488 quibus
508 2385 621 2462 infra.

264 2683 381 2794 117,Ι
449 2682 852 2802 Anamorphosis
909 2661 1151 2802 soliorum
1205 2699 1287 2788 est.

324 2849 445 2914 cum
497 2829 753 2916 sucmlenta
803 2824 1033 2930 evadunt,
1072 2840 1127 2938 ¹et
1167 2825 1286 2916 huic

324 2963 570 3082 opposita.
629 2993 746 3055 cum
797 2962 988 3057 exsucca
1045 2963 1174 3057 fiunt
1239 2976 1289 3055 et

321 3109 536 3193 scariosa.

342 3305 647 3388 Suceulentum
681 3307 727 3414 fit
757 3308 919 3400 solium,
955 3337 1047 3387 cum
1071 3332 1291 3396 nervorum

260 3430 344 3493 rete
375 3442 510 3495 versus
544 3407 776 3498 interiorem
808 3422 894 3502 folii
926 3439 1079 3526 partem
1114 3438 1152 3499 et
1188 3425 1290 3500 intra

261 3527 425 3632 diplofen
458 3531 692 3611 detruditur
760 3539 903 3613 Cortex
943 3553 1030 3614 tum
1069 3552 1135 3615 aut
1171 3538 1289 3640 plane

261 3657 329 3720 aut
358 3646 502 3746 partim
535 3649 728 3724 evanescit
761 3664 799 3724 et
831 3676 923 3726 cum
950 3651 1085 3756 diplot
1111 3678 1182 3728 seu
1206 3675 1289 3726 me·

261 3755 368 3836 dulla
392 3755 662 3851 confunditur,
712 3763 857 3866 Diploe'
881 3765 994 3843 wide
1021 3782 1195 3866 augetur,
1214 3765 1289 3842 cel-

259 3869 350 3948 lulis
375 3875 562 3974 expansis.

297 4044 300 4050 -
354 3987 489 4064 Varias
524 4001 620 4064 tunc
650 3989 783 4069 induit
813 3989 960 4082 solium
989 3994 1149 4072 formas.
1215 3998 1290 4069 Te-

256 4121 319 4174 res
368 4115 442 4190 est,
485 4103 751 4206 triquetrum,v
785 4121 1054 4208 tetragonum,
1106 4099 1288 4208 gibbum
