2852 4872
259 351 345 472 ,aas
548 345 1021 430 INTEGUMENTA.

271 549 369 634 diue
402 559 469 624 aut
499 567 669 645 sparsae,
702 559 769 622 aut
798 545 841 620 in
865 544 987 622 lineas
1013 541 1199 641 digestae,
1224 541 1297 621 ubi

275 662 384 744 nervi
422 657 596 764 paralleli
637 672 857 734 excurrunt.
921 661 967 734 ln
1008 658 1139 736 nervis
1179 681 1298 732 num-

265 781 394 882 'quam
423 775 691 851 observantur
723 771 851 870 (Rud.
883 799 920 872 p.
944 775 1004 849 95.
1027 772 1121 869 tt).
1162 770 1299 877 ¹Mani-

270 915 359 970 mae
378 902 600 970 accurrunt
615 887 657 962 in
674 886 858 972 Liliaceis,
885 884 1139 971 succulentis,
1155 885 1297 984 pruina

270 1007 396 1094 tectis,
426 1002 631 1086 Filicibus3
665 1001 842 1078 minores
867 997 909 1075 in
935 1000 1208 1080 Graminibus.
1237 998 1297 1074 Pi-

271 1122 350 1208 uis,
384 1117 515 1196 adhuc
547 1117 725 1192 minores
755 1115 798 1190 in
832 1111 967 1190 multis
993 1112 1133 1214 plantis
1157 1113 1297 1188 herba·
1337 1197 1339 1204 y

273 1235 366 1322 cels,
395 1233 441 1308 in
476 1229 736 1314 Scitamineis,
771 1225 1041 1328 Cyperoideis.
1071 1230 1213 1314 Acoro,
1241 1227 1298 1305 si-

272 1346 492 1446 syrinchio,
522 1343 713 1419 minimae
744 1341 788 1416 in
820 1342 1046 1423 ‚Arboribus
1072 1355 1110 1419 et
1133 1340 1297 1420 Frutici-

271 1462 365 1548 bus,
400 1457 584 1559 inprimis
608 1457 641 1532 si
665 1455 760 1532 folia
785 1455 959 1530 coriacea
986 1470 1024 1532 et
1047 1479 1187 1532 succos
1213 1479 1298 1530 aro-

271 1574 440 1652 maticas
470 1585 538 1648 aut
567 1595 674 1646 acres
704 1568 865 1646 habent,
883 1568 1010 1666 (Rud.
1034 1596 1071 1671 p.
1096 1575 1155 1646 99.
1183 1571 1297 1666 lact).
1406 1615 1407 1620 =

271 1693 320 1768 ln
335 1702 417 1764 tota
433 1684 563 1788 planta
581 1683 720 1760 eadem
743 1681 1017 1778 magnitudine
1033 1684 1299 1772 observantur,

274 1801 441 1902 exceptis
459 1797 725 1881 Graminibus,
739 1795 788 1872 de
803 1795 949 1896 quibus
962 1820 1080 1898 supra
1096 1797 1184 1878 dixi.
1223 1801 1299 1874 Co·
1406 1847 1407 1880 ,

272 1916 338 2018 pia
365 1914 498 2000 variat,
524 1908 726 2006 majorum
748 1909 893 1996 rainer,
918 1910 1122 1987 minorum
1149 1909 1286 2008 major.

369 2030 525 2102 Desunt
548 2024 718 2100 omnino
743 2023 785 2097 in
801 2021 1048 2113 Lichenibus,
1065 2025 1180 2124 algis,
1196 2031 1300 2102 Fun·

274 2141 342 2240 gis.
390 2139 501 2218 Vidit
526 2138 763 2214 Treviranus
782 2136 830 2212 ,in
856 2137 1123 2237 apophysibus
1141 2141 1299 2242 Splach-

275 2279 425 2332 norum
450 2266 489 2329 et
513 2249 681 2349 capsulis
704 2255 938 2326 Muscorum
964 2253 1104 2349 (Beytr.
1122 2279 1153 2328 z.
1173 2253 1300 2334 Pllan-

277 2364 517 2468 z'enpbysiol.
554 2389 590 2463 p.
634 2362 696 2459 9.),
740 2363 809 2442 sed
847 2389 1071 2464 numquam
1106 2367 1148 2444 in
1185 2367 1300 2444 soliis.

278 2486 481 2558 structura
506 2474 731 2577 paullulum
758 2501 780 2552 a
804 2477 966 2580 reliquis
993 2476 1192 2562 differunt

316 2651 319 2658 .
373 2593 528 2667 Desunt
557 2591 600 2666 in
624 2590 840 2690 Aquaticis,
860 2607 1072 2692 ,quantum
1098 2597 1173 2670 sub
1199 2619 1300 2696 aqua

279 2705 483 2784 demersae
514 2718 710 2792 crescunt,
743 2704 887 2782 adsunt
916 2706 957 2782 in
983 2709 1159 2806 partibus
1184 2734 1300 2810 supra

279 2845 425 2923 aquam
458 2817 644 2906 elevatiss·
662 2843 694 2894 e.
718 2841 761 2916 .g.
792 2820 934 2921 pagina
958 2825 1168 2923 superiore¹
1186 2822 1303 2899 solio-

278 2959 372 3010 rum
415 2932 647 3023 nataptium.
708 2935 758 3012 At
793 2933 947 3034 plantae
987 2949 1187 3015 terrestres
1229 2938 1300 3014 sub

281 3073 381 3149 aqua
407 3047 593 3124 educatae
617 3048 667 3124 iis
689 3048 899 3126 instructae
915 3052 1167 3152 reperiuntur
1184 3050 1302 3150 (Rud.

280 3159 517 3262 peste).
677 3190 680 3197 ·
732 3231 736 3239 ,
833 3221 836 3228 .
1019 3225 1022 3235 .
1179 3229 1183 3238 ,

314 3280 319 3288 ’
376 3271 587 3348 Desuntin
604 3272 747 3373 plantis
764 3300 848 3353 non
864 3275 1091 3363 virentibus,
1106 3277 1147 3352 in
1161 3278 1304 3356 umbra

282 3385 560 3472 crescentibus,
584 3391 845 3488 Monstrapa‘,
869 3389 977 3469 Nido
1004 3390 1083 3465 avis
1108 3403 1177 3464 etc.
1225 3391 1304 3470 Ad·

282 3511 386 3574 sunt·
409 3521 503 3581 vero
540 3498 582 3573 in
617 3500 683 3588 iis,
715 3526 816 3600 quae
848 3502 940 3580 alias
966 3501 1123 3592 virides,
1148 3502 1194 3582 in
1215 3529 1304 3583 um·

280 3609 352 3686 bra
391 3609 576 3690 educatae
612 3614 780 3713 pallidae
805 3615 1112 3715 evaserefflud.
1143 3643 1181 3718 p.
1212 3620 1293 3716 68.)

281 3718 435 3801 Desunt
459 3724 501 3798 in
527 3725 710 3830 aphyllis,
736 3752 767 3804 e.
792 3751 827 3827 g.
852 3731 1033 3811 Cuscuta.

377 3842 509 3918 Partes
541 3852 789 3934 tomentdsae
820 3845 1045 3945 saepissime
1074 3845 1136 3926 bis
1162 3860 1301 3934 carent,

169 4030 173 4048 ,
280 3948 356 4137 pisi
372 3950 441 4140 'op
473 3949 746 4036 difficultatem
777 3957 1005 4042 inveniendi
1047 3961 1302 4062 praetervisae

298 4081 411 4153 utun
550 4141 552 4146 .
