2836 4878
148 423 153 440 .
270 368 349 450 m
459 364 462 385 ¹
599 364 958 488 anastas-10.

273 567 375 660 203.
431 567 691 688 Respiratto
733 566 1035 686 plantarum.
1055 563 1113 658 fit
1142 555 1293 689 inspi-
1400 635 1401 686 3

331 707 528 799 ratione
551 706 780 824 oxygonii·
796 719 953 796 noctu
979 721 1028 797 et
1057 720 1299 834 tempore¹
1400 697 1401 700 Ὺ

334 845 565 978 obscuro
585 859 694 936 tum
712 844 1042 964 exspiratione
1067 847 1292 965 oxygonii
1400 883 1401 902 ι

316 983 422 1076 diu
454 999 509 1076 et
532 999 816 1108 tempore
798 985 947 1076 claro.

367 1136 522 1216 Plantas
553 1153 593 1216 et
622 1138 787 1244 quidem
818 1151 947 1243 partes
980 1105 1117 1218 eamrn
1146 1139 1290 1218 virides

272 1251 447 1334 ineolis
470 1252 592 1330 radiis
623 1252 699 1330 suh
735 1277 836 1353 aqua
873 1249 1077 1334 demersas
1108 1255 1290 1336 extricat-e

273 1389 341 1466 flas
381 1390 626 1466 oxygeneum
661 1366 816 1468 primus
852 1365 1072 1450 observavit
1105 1367 1290 1466 Priestley

273 1482 568 1583 (Experiments
600 1505 656 1558 on
689 1477 874 1557 different
904 1479 1065 1556 branch.
1097 1479 1147 1556 of
1164 1494 1288 1558 natur.

271 1593 371 1672 Phil.
396 1599 441 1672 T.
465 1595 498 1670 2
523 1621 560 1696 p.
585 1585 653 1690 l.).
706 1592 830 1670 Multa
856 1593 1116 1693 experimenta
1141 1591 1295 1678 baeda

272 1731 316 1786 re
345 1707 513 1786 instituit
542 1702 785 1806 Ingenhouls
819 1706 1041 1803 (Versuche
1065 1709 1139 1800 mit
1162 1707 1289 1788 Pllan·

274 1843 363 1908 zen,
393 1821 588 1898 wodurch
621 1835 689 1897 etc.
725 1819 853 1921 Leipz.
887 1824 993 1897 1789.
1033 1822 1159 1928 Wien
1179 1817 1289 1904 1786.

257 1939 319 2028 Τ.
350 1937 385 2012 h
413 1934 483 2032 8.).
539 1933 676 2012 Plures
709 1931 773 2010 alii
803 1933 850 2016 in,
878 1933 980 2010 hanc
1011 1960 1096 2013 rem
1126 1936 1289 2037 inquisi-

273 2071 382 2136 vere,
429 2046 657 2150 praesertim
708 2045 896 2124 Senebier
936 2047 1129 2145 (Physiol.
1169 2055 1290 2150 vaget.

274 2163 319 2239 Τ.
349 2164 384 2238 3.
415 2188 453 2262 p
485 2164 600 2258 197..)
656 2160 819 2263 Optime
846 2185 932 2237 rem
957 2163 1131 2238 tractavit
1154 2165 1242 2240 Th.
1253 2159 1297 2264 d.

275 2281 465 2353 Saussure
497 2269 733 2370 (Reeherch.
765 2273 908 2370 chym.
928 2298 956 2349 s.
993 2273 1056 2350 la
1070 2279 1291 2374 vegetation

273 2389 333 2466 eh.
356 2390 428 2485 9,)
454 2373 565 2484 eujus
590 2386 851 2488 experimenta
876 2386 1140 2478 confirmavit,
1170 2391 1291 2493 pluri·

272 2485 348 2578 hus
381 2499 524 2577 additis
553 2499 758 2575 Grischow
791 2501 962 2598 (Physic
994 2502 1119 2580 chem.
1150 2510 1291 2584 Unter·

272 2610 503 2711 ruchungen
536 2610 602 2688 tib.
635 2611 672 2688 d.
704 2613 958 2712 Athmungen
990 2601 1028 2692 d.
1069 2619 1289 2701 Gewichse.

272 2725 407 2831 Leipa.
425 2729 530 2803 1919.
554 2724 685 2822 8)

110 2884 121 2942 2
279 2891 281 2896 .
366 2843 460 2918 Non
485 2796 767 2917 confundenda
793 2855 851 2918 est
874 2843 1163 2945 decompositio
1189 2847 1289 2926 acidi

271 2953 470 3040 sarbonici
502 2977 574 3057 per
604 2953 772 3058 plantas,
798 2979 876 3056 qna
901 2959 1155 3036 carbonicum
1182 2986 1297 3066 com-⁴

269 3065 429 3166 hinatur
452 3091 546 3144 cum
570 3067 710 3170 planta,
738 3091 983 3167 oxygeneum
1007 3095 1102 3150 vero
1133 3075 1290 3152 extrica
1293 3171 1297 3178 ‚

270 3191 345 3256 tur.
399 3182 506 3258 llaec
537 3181 645 3258 enim
678 3181 733 3258 ad
761 3183 1019 3264 nutritionem
1043 3189 1179 3289 potius
1202 3213 1296 3294 per-¹

269 3289 377 3368 linet.

367 3402 480 3482 Vidit
509 3410 700 3487 Saussnre
730 3408 880 3510 plantas
911 3425 1095 3514 tempore
1117 3415 1297 3516 obscuro!

271 3529 340 3594 aut
368 3531 492 3596 noctu
521 3519 696 3598 inhalare
721 3544 786 3618 gas
812 3547 1057 3620 orygeneum
1081 3529 1184 3630 ipsas
1201 3555 1291 3607 ··am

270 3629 401 3720 biens,
442 3631 619 3709 exhalare
643 3659 737 3711 vero
762 3635 941 3710 acidum
948 3643 1220 3732 carboniensis,
1257 3645 1300 3744 sil

268 3745 313 3820 in
345 3743 513 3822 eodem
511 3749 807 3846 permanserint
837 3749 927 3828 loco
955 3756 1136 3834 obscuro.
1186 3760 1292 3834 Cum

269 3883 364 3936 vero
401 3860 496 3937 solis
536 3861 656 3937 radiis
688 3879 958 3966 exponuntur,
992 3873 1061 3972 qui
1093 3871 1184 3954 loco
1219 3872 1291 3946 oh-

269 3995 385 4050 scuro
426 3997 672 4074 oxygeneum
711 3978 954 4069 inhalarunt‚
992 3982 1168 4077 reddunt
1201 4008 1293 4082 ory-

261 4108 458 4182 gsneum,
482 4103 522 4196 et
546 4089 716 4192 qmdem·
726 4093 867 4172 eadem
889 4095 1146 4200 ratione,.qua
1162 4123 1293 4176 susce·
1400 4127 1401 4154 ι
