2852 4872
108 395 111 402 ,
235 343 310 422 nm
667 302 828 432 rnen

235 538 360 642 petala
392 535 570 640 ejusdem
605 537 713 622 orbis
745 555 858 620 aucta
883 541 1163 636 obeuntur„
1196 543 1258 619 Si·

104 657 110 677 '
235 656 322 732 mul
349 668 386 730 et
411 654 548 752 calycis
574 668 773 753 segmenta
798 656 1009 758 phyllaqne
1035 670 1073 732 et
1089 657 1256 732 stamina

236 773 347 846 a'ucta
380 793 463 844 esse
487 769 631 855 solent,
663 767 921 845 interdumsi
948 769 1092 870 duplex
1116 795 1258 846 nume-

233 909 304 962 rus
342 883 557 961 staminum
603 882 774 976 adfuerit
810 896 850 968 et
886 884 928 968 in
963 883 1118 964 corolla¹
1144 899 1255 962 aucta

236 997 379 1100 duplex
402 1009 470 1074 est
518 995 725 1076 Interdum
751 1023 844 1077 vero
871 1012 1131 1095 augmentum
1144 999 1255 1079 haud

235 1113 446 1210 analogum
479 1123 550 1197 est,
575 1111 696 1187 sicin
723 1111 964 1212 Campanula
989 1111 1124 1191 Medio
1148 1116 1255 1212 laga-

233 1253 301 1303 rus
325 1226 482 1303 lacinias
502 1229 533 1304 8
557 1225 713 1324 calycis,
717 1224 943 1304 laciniasdt
968 1227 1149 1315 corollae,
1180 1242 1270 1310 sta,

155 1415 157 1420 .
232 1341 357 1420 mina
373 1345 395 1418 7
430 1339 589 1417 anthera
622 1341 739 1419 unica
763 1342 902 1443 partita
928 1355 966 1418 et
987 1345 1013 1426 6
1037 1341 1156 1438 stylos
1183 1342 1255 1428 obf-

233 1455 396 1532 servavit
420 1455 480 1554 (p.
505 1455 597 1550 90).

326 1568 463 1644 Flores
479 1569 591 1668 quasi
609 1592 630 1644 e
646 1537 806 1680 duobus
824 1581 1014 1646 connatos
1032 1569 1121 1646 citat
1142 1524 1252 1656 idem

231 1685 346 1782 sager
370 1683 430 1782 (r
454 1681 550 1778 91)··
1080 1751 1082 1759 ,
1159 1751 1167 1762 .
1252 1763 1257 1771 .

326 1797 463 1874 Flores
482 1794 740 1896 multiplicati
772 1811 879 1886 sunt,
911 1797 943 1874 si
975 1821 1101 1877 novae
1132 1796 1251 1875 serios

232 1937 303 1992 seu
333 1911 427 1988 novi
460 1910 577 1988 orbes
609 1911 832 2011 petalorum
857 1911 1050 1988 oriuntur.
1101 1912 1253 2012 Saepis-

157 2073 163 2092 «
231 2028 330 2104 sime
361 2025 497 2104 omnia
528 2025 692 2102 stamina
723 2025 885 2104 simul
872 2051 916 2100 rn
946 2024 1072 2126 petala
1101 2039 1251 2106 mutata

230 2141 498 2242 reperiuntur,
521 2163 654 2239 ¹saepe
693 2136 893 2216 filamenta
932 2137 1069 2239 petalis
1109 2139 1251 2230 similia

232 2255 418 2341 evadunt,
445 2253 615 2328 antheris
642 2252 740 2351 apici
765 2252 1069 2330 inhaerentibus.
1117 2253 1251 2332 Multi-

230 2367 393 2470 plicatos
424 2364 602 2446 direrim¹
617 2365 736 2442 flores
757 2365 915 2465 vquibus
944 2366 1135 2466 pistillum
1152 2391 1249 2444 non

230 2496 429 2561 mutatum
452 2492 523 2566 est,
549 2479 640 2564 olias
664 2478 813 2579 plenos.
861 2479 1028 2564 Facilius
1058 2479 1249 2581 multipli-

232 2609 368 2676 cantur
399 2590 570 2673 corollae
599 2592 844 2693 polypetalae
863 2619 991 2696 ¹quam
1014 2610 1255 2696 monopeta-,

230 2710 307 2798 lae,
330 2705 525 2805 regulares
551 2729 671 2809 quam
696 2705 941 2804 irregulares,
973 2710 1248 2800 rarissimela-

229 2823 330 2899 biata
361 2834 400 2898 et
427 2820 709 2921 papilionacea,
741 2822 852 2923 quasi
872 2820 963 2919 'jam
994 2838 1250 2917 'monstrosae

230 2947 366 3017 essent.
413 2934 605 3012 Plantae
594 2959 637 3012 rn
662 2936 857 3019 sterilibus
880 2935 978 3016 locis
1008 2942 1247 3039 spentaneae

228 3050 270 3128 in
311 3048 415 3129 solo
439 3047 555 3129 leniti
595 3049 778 3129 facillime
810 3049 957 3134 ffflores
965 3051 1119 3152 plenos
1150 3075 1249 3201 pro

230 3161 390 3240 ducunt
603 3229 606 3236 .

325 3275 518 3362 Gorolla
507 3301 550 3364 in
576 3277 729 3354 climate
754 3276 898 3377 frigido
923 3278 1033 3358 haud
1055 3303 1146 3365 raro
1178 3277 1245 3356 de·

227 3387 309 3465 ficit
334 3403 401 3465 aut
422 3415 539 3491 parva
565 3405 629 3478 est
654 3416 727 3468 nec
753 3393 971 3494 explicatur,
996 3417 1117 3494 quarn
1135 3393 1249 3500 clan-

229 3502 422 3581 destinam
457 3526 655 3588 vocamus.
713 3507 823 3586 Vice·
839 3531 947 3587 versa
979 3492 1212 3598 corollam
1201 3532 1244 3584 m
1363 3577 1367 3582 .

228 3617 594 3702 elimatecalidiore
617 3619 830 3700 oblitterari
846 3621 1005 3708 nimiu
1031 3636 1249 3712 auctorest

228 3735 467 3831 (Fragment.
505 3757 575 3808 aus
612 3732 648 3807 d.
684 3732 853 3830 Physiol.
892 3732 928 3809 d.
960 3733 1103 3812 Pllanz.
1126 3740 1247 3824 1863.

226 3872 262 3944 ρ,
289 3847 409 3941 18.).·,’
426 3843 540 3926 lliola
566 3849 702 3928 canina
728 3847 1093 3938 etmirabilisfttre
1107 3849 1243 3940 „flores

228 3961 451 4048 corollinas,
473 3975 621 4059 ,aestate
642 3962 808 4064 apetalas
831 3961 1069 4065 producunt
1139 4045 1143 4054 ,
1173 4038 1177 4051 χ
1214 4047 1217 4055 ,
1242 3987 1246 3996 ·

323 4077 369 4151 ln
393 4072 634 4179 Compositis
660 4075 834 4166 corollae¹
853 4077 1061 4157 tubulosae
1085 4077 1182 4156 disci
1198 4079 1240 4154 in
