2840 4878
542 368 768 448 GAUHS.
1001 385 1003 392 ’
1096 371 1169 449 143

240 565 363 642 striae
393 564 619 668 superficiei
650 567 836 647 oriuntur
866 579 935 644 aut
959 589 980 642 e
1004 565 1173 648 fascicu-

140 675 189 752 lis
221 677 379 758 fibrosis
404 682 479 758 sub
505 681 650 758 cortice
674 681 801 782 tenui,
831 679 943 780 utin
968 679 1166 780 Dicotyle·

142 790 302 884 doneis,
328 809 396 892 aut
420 820 443 872 e
466 794 662 873 fasciculis
687 795 851 894 lignosis
877 792 1056 896 (spiralia
1074 821 1169 872 con·
1252 885 1269 914 N

139 906 381 1007 tinentibus)
414 911 533 986 utin
567 909 997 1007 Monocotyledoneis.⁴
1036 908 1168 1012 Sulca7

139 1033 205 1096 tus
231 1024 352 1100 caulis
383 1036 546 1110 vocatur
579 1024 632 1100 ob
664 1023 775 1107 cuias
799 1017 1168 1123 valde'prominen-

140 1147 199 1211 tes
225 1151 264 1214 et
287 1138 584 1240 approximatas.

143 1335 145 1340 ,
240 1253 381 1329 Scabra
412 1249 640 1352 superficies
674 1250 803 1327 arian
832 1252 1050 1350 avenucis
1074 1279 1168 1354 pro·

140 1362 384 1442 minentibus
421 1379 489 1442 am
530 1389 551 1440 e
592 1363 737 1461 bulbis,
760 1365 956 1466 pilorum,
993 1367 1063 1470 qui
1092 1367 1167 1469 ipsi

139 1499 324 1555 verrucae
347 1492 448 1557 same
500 1479 659 1556 Transit
681 1478 956 1576 magnitudine
987 1505 1167 1561 verrucae

137 1590 296 1665 cumin
323 1617 509 1693 asperam.
528 1607 566 1668 et
591 1592 817 1670 aculeatam.
1157 1689 1159 1696 y

235 1705 310 1780 Pili
342 1703 569 1806 frequentes
603 1709 769 1784 suntin
802 1707 1011 1809 superficie
1044 1710 1165 1788 caulis

138 1815 267 1892 ‚variae
291 1816 462 1906 formae,
489 1817 541 1895 de
565 1820 711 1920 quibus
734 1819 836 1899 infra
862 1821 1023 1898 dicetur.
1071 1825 1165 1900 Stri-

140 1951 212 2026 gae
244 1947 339 2026 ¹sunt
370 1931 482 2033 quasi
513 1933 584 2034 pili
609 1933 848 2039 authorum
873 1933 987 2012 bulbi
1011 1935 1053 2012 iu
1078 1963 1165 2037 par·

138 2056 198 2120 tes
241 2043 425 2126 foliaceas
470 2049 626 2136 excreti,
674 2048 733 2126 uti
774 2047 899 2126 aculei
938 2046 1164 2130 frondulosi

119 2160 348 2236 ‘Rosarum
470 2201 473 2209 ν
1114 2257 1117 2262 ¹
1156 2249 1160 2256 ,

141 2345 145 2350 .
190 2299 195 2308 ·
239 2272 462 2352 Glandulae
489 2275 588 2352 evacii
613 2274 766 2372 geneais
791 2275 833 2351 in
859 2274 1067 2376 superficie
1093 2278 1164 2352 ob·

140 2401 357 2476 seruantur,
399 2413 500 2489 quae
536 2389 653 2490 plane
691 2388 842 2466 clausae
879 2413 1064 2466 verrucae
1094 2415 1163 2467 vo·

140 2515 286 2578 cantur.
346 2500 566 2578 Glandulae
598 2517 785 2579 cutaneae
815 2527 1039 2604 numquam
1065 2502 1163 2582 defi·

140 2614 264 2702 ciunt,
288 2616 360 2692 ubi
385 2617 506 2694 caulis
529 2615 663 2692 viridis
689 2630 762 2706 est,
792 2631 961 2720 pereunt
982 2617 1026 2694 in
1051 2617 1162 2694 adul-2

139 2727 188 2809 tis
212 2727 372 2828 plantis,
396 2730 466 2806 ubi
487 2729 625 2810 fuscus
649 2729 704 2808 fic

140 3073 212 3165 93.
249 3073 450 3164 Deiectio
473 3077 625 3168 caulis
654 3103 853 3167 sursum
872 3075 1161 3180 crescendo,

139 3252 147 3258 ·
199 3215 273 3302 uti
333 3213 536 3304 radicis·
579 3215 815 3306 deorsum
882 3215 1159 3307 crescendo

199 3353 548 3470 vegetabilium
583 3369 792 3446 naturae
825 3355 1038 3486 vpropria
1078 3369 1160 3460 est

157 3497 159 3504 ‘
199 3523 296 3584 nec
338 3509 545 3586 externa
582 3495 807 3608 affecti03
855 3496 992 3588 varia
1036 3499 1157 3588 vero

199 3660 294 3750 pro
326 3635 672 3754 vaniaspecie.

233 3860 294 3932 De
336 3857 554 3938 directione
586 3861 707 3938 caulis
739 3887 857 3963 supra
896 3861 1158 3938 horizontem.

139 3969 252 4046 sicuti
278 3970 328 4048 de
354 3971 571 4052 directione
593 3974 737 4052 radicis
761 3974 863 4052 infra
887 3976 1020 4076 ipsum
1045 3971 1158 4052 valde

138 4080 383 4184 disputatum
416 4100 475 4162 cst
504 4087 608 4162 inter
637 4089 742 4165 viros
776 4087 925 4166 doctos.
976 4084 1058 4164 'Alii
1083 4086 1158 4162 hu-
