2838 4874
300 349 375 426 488
627 341 994 439 venantem.

301 557 478 630 tamenta
502 567 585 624 esse
608 542 742 646 plures
767 545 1025 628 observarunt
1050 545 1328 628 etBernhardi

303 659 552 742 confirmavit
592 658 815 757 (Roemer’s
854 661 998 738 Archiv
1039 660 1101 738 d.
1120 661 1330 739 Gewiichs·

301 776 446 856 kunde
472 779 517 850 Τ.
541 760 575 850 3.
599 799 636 873 p.
661 773 777 870 448).

395 890 535 986 Frigus
559 884 709 987 plantas
734 885 935 970 destruere
960 888 1151 966 omnibus
1178 903 1328 966 notum

300 1020 377 1098 est,
412 1002 580 1088 minime
616 1023 710 1076 vero
738 999 791 1078 ob
825 1000 1011 1081 effectum
1036 1002 1327 1092 mechanicum,

300 1119 360 1196 uti
385 1116 484 1193 olim
501 1109 763 1202 crediderunt,
780 1140 874 1193 nam
893 1116 1093 1216 ocymum
1111 1116 1327 1192 Basilicum

301 1230 353 1312 nd
387 1230 441 1329 -)-
475 1230 529 1304 40
559 1230 605 1304 R.
638 1228 839 1306 emon'tur.
901 1229 980 1308 Cfr.
1018 1230 1324 1310 Observationes

303 1341 481 1424 Thouini
506 1339 663 1438 (Annal.
689 1339 726 1415 d.
750 1349 850 1426 Mus.
877 1347 921 1419 T.
947 1347 980 1422 7.
1004 1370 1042 1446 p.
1067 1344 1149 1440 88.)

398 1453 630 1538 Arsenicum
670 1454 811 1555 plantis
861 1481 1005 1535 nocere
1048 1457 1325 1558 experimentis

300 1571 482 1678 probavit
514 1573 629 1666 ther
661 1563 824 1666 (Journ.
860 1568 886 1644 f.
924 1572 1061 1648 Chem.
1093 1597 1133 1646 u.
1167 1570 1324 1666 Physik.

302 1695 348 1766 T.
384 1692 417 1762 8.
454 1711 490 1786 p.
526 1683 631 1779 271.)
671 1696 709 1759 et
744 1683 828 1783 ipse
863 1681 943 1758 vidi
980 1709 1113 1760 ramos
1150 1697 1323 1762 resectos

300 1803 523 1933 plantarum
564 1795 755 1872 solutioni
796 1796 958 1872 arsenici
997 1794 1121 1874 albi
1110 1822 1323 1874 1mmersos

300 1916 428 1995 statim
456 1933 637 1988 arescere.
685 1908 799 1986 Idem
824 1907 939 1985 vidi
929 1934 971 1984 111
994 1910 1113 1988 ramis
1130 1909 1321 1990 solutioni

303 2026 454 2108 Tartari
480 2023 659 2100 stibiati
647 2023 855 2100 immersis.
906 2073 909 2080 ·

395 2135 662 2217 Electn‘citatis
700 2150 738 2213 et
771 2135 1008 2213 Galvanismi
1036 2134 1201 2217 effectus
1223 2136 1323 2213 exci-

300 2269 425 2334 tantes
461 2253 504 2328 in
538 2247 689 2351 piantas
726 2251 892 2325 omnino
931 2250 1043 2331 dubii
1080 2265 1175 2330 sunt
1215 2249 1320 2352 (Cfr.

299 2367 404 2450 Rasn
435 2361 785 2464 Pflanzenphysiol.
811 2389 848 2466 p.
874 2364 989 2460 148).
1045 2365 1156 2442 Vidit
1180 2390 1202 2443 e
1227 2389 1322 2442 con-

299 2482 421 2560 trano
457 2502 532 2556 van
568 2481 725 2553 Marum
756 2477 1007 2578 Euphorbias
1037 2475 1205 2569 fulmine
1236 2504 1321 2554 ma-

301 2595 439 2673 chinae
465 2589 661 2668 electricae
681 2602 807 2666 tactos
832 2590 990 2683 nullum
1011 2589 1216 2671 effundere
1233 2616 1320 2668 suc·
1402 2669 1403 2687 p

301 2733 393 2786 eum
446 2704 616 2780 lacteum
670 2716 882 2804 postquam
938 2704 1125 2782 dissectae
1173 2703 1319 2784 fuerint
1401 2785 1402 2790 Ν

268 2799 460 2923 'nomn
497 2817 534 2893 d.
570 2818 640 2895 nh
672 2822 717 2893 T.
748 2820 806 2895 n.
862 2823 989 2896 erens
1017 2823 1156 2900 soum
1187 2819 1225 2897 d.
1248 2819 1318 2896 Ph.

301 2932 606 3036 Τ.8....ρ388)

301 3143 402 3237 207.
476 3142 745 3232 Germtnatzo
793 3141 1001 3228 eminam
1045 3135 1102 3228 fit
1147 3152 1316 3230 amoto

360 3278 636 3372 carbonieo
697 3305 793 3395 per
850 3305 1158 3396 oxygenenm
1219 3309 1318 3372 am·
1399 3379 1400 3398 ἶ

360 3418 506 3509 biens
567 3416 798 3508 humoris
858 3431 908 3510 et
964 3418 1145 3509 caloris
1190 3418 1318 3510 'exci-
1399 3423 1400 3473 Τ

360 3558 561 3652 tatione.

397 3731 651 3827 Oxygeneum
690 3723 952 3832 necessariqm
984 3707 1067 3804 esse
1097 3723 1148 3804 ad
1177 3723 1319 3824 germi-

299 3842 502 3920 nationem
539 3840 754 3928 seminum,
792 3855 830 3918 et
866 3839 1031 3943 quidem
1073 3862 1319 3942 oxygeneum

298 3981 392 4034 curn
426 3955 636 4034 carbonico
677 3954 840 4034 seminis
875 3955 1129 4056 germinantis
1169 3952 1319 4032 combi-

298 4070 382 4151 nan·
408 4083 447 4160 et
470 4070 627 4150 acidum
654 4069 1163 4152 carbonicum‘constimere
1180 4067 1320 4162 inultis

1257 4204 1319 4259 ex·
